
  <record format="MARC21" type="Bibliographic">
    <leader>00752nas a2200229 c 4500</leader>
    <controlfield tag="001">1024795764</controlfield>
    <controlfield tag="003">DE-101</controlfield>
    <controlfield tag="005">20120802144628.0</controlfield>
    <controlfield tag="007">tu</controlfield>
    <controlfield tag="008">120802c20129999gw u||p|r ||| 0||||0ger c</controlfield>
    <datafield tag="016" ind1="7" ind2=" ">
      <subfield code="2">DE-101</subfield>
      <subfield code="a">1024795764</subfield>
    </datafield>
    <datafield tag="016" ind1="7" ind2=" ">
      <subfield code="2">DE-600</subfield>
      <subfield code="a">2675961-5</subfield>
    </datafield>
    <datafield tag="035" ind1=" " ind2=" ">
      <subfield code="a">(DE-599)ZDB2675961-5</subfield>
    </datafield>
    <datafield tag="040" ind1=" " ind2=" ">
      <subfield code="a">3238</subfield>
      <subfield code="b">ger</subfield>
      <subfield code="c">DE-101</subfield>
      <subfield code="d">3238</subfield>
    </datafield>
    <datafield tag="041" ind1=" " ind2=" ">
      <subfield code="a">ger</subfield>
    </datafield>
    <datafield tag="044" ind1=" " ind2=" ">
      <subfield code="c">XA-DE</subfield>
    </datafield>
    <datafield tag="084" ind1=" " ind2=" ">
      <subfield code="a">3,61</subfield>
      <subfield code="2">ssgn</subfield>
    </datafield>
    <datafield tag="084" ind1=" " ind2=" ">
      <subfield code="a">050</subfield>
      <subfield code="a">320</subfield>
      <subfield code="q">DE-600</subfield>
      <subfield code="2">sdnb</subfield>
    </datafield>
    <datafield tag="245" ind1="1" ind2="0">
      <subfield code="a">Willi-Bleicher-Preis</subfield>
      <subfield code="b">Journalismuspreis der IG Metall Baden-Württemberg</subfield>
      <subfield code="c">IG-Metall Bezirksleitung Baden-Württemberg</subfield>
    </datafield>
    <datafield tag="260" ind1="3" ind2=" ">
      <subfield code="a">Stuttgart</subfield>
      <subfield code="b">IG-Metall</subfield>
    </datafield>
    <datafield tag="362" ind1="0" ind2=" ">
      <subfield code="a">Nachgewiesen 2012 -</subfield>
    </datafield>
    <datafield tag="710" ind1="2" ind2=" ">
      <subfield code="0">(DE-588)5252909-5</subfield>
      <subfield code="0">(DE-101)952358069</subfield>
      <subfield code="a">Industriegewerkschaft Metall</subfield>
      <subfield code="g">Deutschland</subfield>
      <subfield code="b">Bezirk Baden-Württemberg</subfield>
    </datafield>
  </record>