
  <record format="MARC21" type="Bibliographic">
    <leader>00504nas a2200205 c 4500</leader>
    <controlfield tag="001">1024794520</controlfield>
    <controlfield tag="003">DE-101</controlfield>
    <controlfield tag="005">20120802141155.0</controlfield>
    <controlfield tag="007">tu</controlfield>
    <controlfield tag="008">120802c20129999ck u||m|r ||| 0||||0spa c</controlfield>
    <datafield tag="016" ind1="7" ind2=" ">
      <subfield code="2">DE-101</subfield>
      <subfield code="a">1024794520</subfield>
    </datafield>
    <datafield tag="016" ind1="7" ind2=" ">
      <subfield code="2">DE-600</subfield>
      <subfield code="a">2675953-6</subfield>
    </datafield>
    <datafield tag="035" ind1=" " ind2=" ">
      <subfield code="a">(DE-599)ZDB2675953-6</subfield>
    </datafield>
    <datafield tag="040" ind1=" " ind2=" ">
      <subfield code="a">0204</subfield>
      <subfield code="b">ger</subfield>
      <subfield code="c">DE-101</subfield>
      <subfield code="d">0204</subfield>
    </datafield>
    <datafield tag="041" ind1=" " ind2=" ">
      <subfield code="a">spa</subfield>
    </datafield>
    <datafield tag="044" ind1=" " ind2=" ">
      <subfield code="c">XD-CO</subfield>
    </datafield>
    <datafield tag="245" ind1="1" ind2="0">
      <subfield code="a">Colección Los Torreones</subfield>
    </datafield>
    <datafield tag="246" ind1="1" ind2="3">
      <subfield code="i">Nebent.</subfield>
      <subfield code="a">&#x98;Los&#x9c; Torreones</subfield>
    </datafield>
    <datafield tag="260" ind1="3" ind2=" ">
      <subfield code="a">Ibagué</subfield>
      <subfield code="b">Caza de Libros</subfield>
    </datafield>
    <datafield tag="362" ind1="0" ind2=" ">
      <subfield code="a">1.2012 -</subfield>
    </datafield>
  </record>