
  <record format="MARC21" type="Bibliographic">
    <leader>00969nas a2200301 c 4500</leader>
    <controlfield tag="001">1024794466</controlfield>
    <controlfield tag="003">DE-101</controlfield>
    <controlfield tag="005">20120802142224.0</controlfield>
    <controlfield tag="007">tu</controlfield>
    <controlfield tag="008">120802c20129999gw a||p|r ||| 0||||0ger c</controlfield>
    <datafield tag="016" ind1="7" ind2=" ">
      <subfield code="2">DE-101</subfield>
      <subfield code="a">1024794466</subfield>
    </datafield>
    <datafield tag="016" ind1="7" ind2=" ">
      <subfield code="2">DE-600</subfield>
      <subfield code="a">2675952-4</subfield>
    </datafield>
    <datafield tag="035" ind1=" " ind2=" ">
      <subfield code="a">(DE-599)ZDB2675952-4</subfield>
    </datafield>
    <datafield tag="040" ind1=" " ind2=" ">
      <subfield code="a">1241</subfield>
      <subfield code="b">ger</subfield>
      <subfield code="c">DE-101</subfield>
      <subfield code="d">1241</subfield>
    </datafield>
    <datafield tag="041" ind1=" " ind2=" ">
      <subfield code="a">ger</subfield>
    </datafield>
    <datafield tag="044" ind1=" " ind2=" ">
      <subfield code="c">XA-DE</subfield>
    </datafield>
    <datafield tag="084" ind1=" " ind2=" ">
      <subfield code="a">580</subfield>
      <subfield code="a">630</subfield>
      <subfield code="a">640</subfield>
      <subfield code="q">DE-101</subfield>
      <subfield code="2">sdnb</subfield>
    </datafield>
    <datafield tag="084" ind1=" " ind2=" ">
      <subfield code="a">580</subfield>
      <subfield code="a">630</subfield>
      <subfield code="a">640</subfield>
      <subfield code="q">DE-600</subfield>
      <subfield code="2">sdnb</subfield>
    </datafield>
    <datafield tag="090" ind1=" " ind2=" ">
      <subfield code="n">fn</subfield>
    </datafield>
    <datafield tag="245" ind1="1" ind2="0">
      <subfield code="a">Haus - und Kleingarten, sachgerechter Pflanzenschutz ...</subfield>
      <subfield code="c">Hrsg.: Landwirtschaftliches Technologiezentrum Augustenberg (LTZ)</subfield>
    </datafield>
    <datafield tag="260" ind1="3" ind2=" ">
      <subfield code="a">[Stuttgart]</subfield>
      <subfield code="b">[Ulmer]</subfield>
    </datafield>
    <datafield tag="300" ind1=" " ind2=" ">
      <subfield code="c">30 cm</subfield>
    </datafield>
    <datafield tag="362" ind1="0" ind2=" ">
      <subfield code="a">2012 -</subfield>
    </datafield>
    <datafield tag="363" ind1="0" ind2="1">
      <subfield code="8">1.1\x</subfield>
      <subfield code="i">2012</subfield>
    </datafield>
    <datafield tag="515" ind1=" " ind2=" ">
      <subfield code="a">Periodizität:  jährl.</subfield>
    </datafield>
    <datafield tag="772" ind1="0" ind2="8">
      <subfield code="i">Beil. zu:</subfield>
      <subfield code="t">Obst &amp; Garten &lt;Stuttgart></subfield>
      <subfield code="w">(DE-600)123377-4</subfield>
      <subfield code="w">(DE-101)010692851</subfield>
    </datafield>
    <datafield tag="780" ind1="0" ind2="0">
      <subfield code="i">Vorg.:</subfield>
      <subfield code="t">Pflanzenschutz im Haus- und Kleingarten ... </subfield>
      <subfield code="w">(DE-600)2545666-0</subfield>
      <subfield code="w">(DE-101)1001034139</subfield>
    </datafield>
    <datafield tag="925" ind1="r" ind2=" ">
      <subfield code="a">ra</subfield>
    </datafield>
  </record>