
  <record format="MARC21" type="Bibliographic">
    <leader>01051nas a2200253 c 4500</leader>
    <controlfield tag="001">102479170X</controlfield>
    <controlfield tag="003">DE-101</controlfield>
    <controlfield tag="005">20120802132035.0</controlfield>
    <controlfield tag="007">tu</controlfield>
    <controlfield tag="008">120802c20129999xx u||p|r ||| 0||||0||| c</controlfield>
    <datafield tag="016" ind1="7" ind2=" ">
      <subfield code="2">DE-101</subfield>
      <subfield code="a">102479170X</subfield>
    </datafield>
    <datafield tag="016" ind1="7" ind2=" ">
      <subfield code="2">DE-600</subfield>
      <subfield code="a">2675941-X</subfield>
    </datafield>
    <datafield tag="035" ind1=" " ind2=" ">
      <subfield code="a">(DE-599)ZDB2675941-X</subfield>
    </datafield>
    <datafield tag="040" ind1=" " ind2=" ">
      <subfield code="a">0001</subfield>
      <subfield code="b">ger</subfield>
      <subfield code="c">DE-101</subfield>
      <subfield code="d">0001</subfield>
    </datafield>
    <datafield tag="044" ind1=" " ind2=" ">
      <subfield code="c">XA-RU</subfield>
    </datafield>
    <datafield tag="084" ind1=" " ind2=" ">
      <subfield code="a">890</subfield>
      <subfield code="a">910</subfield>
      <subfield code="a">940</subfield>
      <subfield code="q">DE-600</subfield>
      <subfield code="2">sdnb</subfield>
    </datafield>
    <datafield tag="245" ind1="1" ind2="0">
      <subfield code="a">Social'nye i gumanitarnye nauki</subfield>
      <subfield code="b">RŽ ; referativnyj žurnal</subfield>
      <subfield code="n">Otečestvennaja i zarubežnaja literatura</subfield>
      <subfield code="n">Serija 9, Vostokovedenie i afrikanistika</subfield>
      <subfield code="c">Rossijskaja Akademija Nauk, Institut Naučnoj Informacii po Obščestvennym Naukam</subfield>
    </datafield>
    <datafield tag="246" ind1="1" ind2="9">
      <subfield code="a">Social'nye i gumanitarnye nauki / Otečestvennaja i zarubežnaja literatura / 9</subfield>
    </datafield>
    <datafield tag="260" ind1="3" ind2=" ">
      <subfield code="a">Moskva</subfield>
      <subfield code="b">[s.n.]</subfield>
    </datafield>
    <datafield tag="362" ind1="0" ind2=" ">
      <subfield code="a">2012 -</subfield>
    </datafield>
    <datafield tag="363" ind1="0" ind2="1">
      <subfield code="8">1.1\x</subfield>
      <subfield code="i">2012</subfield>
    </datafield>
    <datafield tag="780" ind1="0" ind2="0">
      <subfield code="i">Vorg.:</subfield>
      <subfield code="t">Social'nye i gumanitarnye nauki / Zarubežnaja literatura / 9</subfield>
      <subfield code="w">(DE-600)1192399-4</subfield>
      <subfield code="w">(DE-101)017196175</subfield>
    </datafield>
    <datafield tag="930" ind1=" " ind2=" ">
      <subfield code="r">Otečestvennaja i zarubežnaja literatura</subfield>
    </datafield>
    <datafield tag="930" ind1=" " ind2=" ">
      <subfield code="r">Serija 9, Vostokovedenie i afrikanistika</subfield>
    </datafield>
  </record>