
  <record format="MARC21" type="Bibliographic">
    <leader>00940nas a2200301 c 4500</leader>
    <controlfield tag="001">102479105X</controlfield>
    <controlfield tag="003">DE-101</controlfield>
    <controlfield tag="005">20120802130446.0</controlfield>
    <controlfield tag="007">tu</controlfield>
    <controlfield tag="008">120802c20129999gw z||m|r ||| 0||||0ger c</controlfield>
    <datafield tag="016" ind1="7" ind2=" ">
      <subfield code="2">DE-101</subfield>
      <subfield code="a">102479105X</subfield>
    </datafield>
    <datafield tag="016" ind1="7" ind2=" ">
      <subfield code="2">DE-600</subfield>
      <subfield code="a">2675935-4</subfield>
    </datafield>
    <datafield tag="035" ind1=" " ind2=" ">
      <subfield code="a">(DE-599)ZDB2675935-4</subfield>
    </datafield>
    <datafield tag="040" ind1=" " ind2=" ">
      <subfield code="a">1240</subfield>
      <subfield code="b">ger</subfield>
      <subfield code="c">DE-101</subfield>
      <subfield code="d">1240</subfield>
    </datafield>
    <datafield tag="041" ind1=" " ind2=" ">
      <subfield code="a">ger</subfield>
    </datafield>
    <datafield tag="044" ind1=" " ind2=" ">
      <subfield code="c">XA-DE</subfield>
    </datafield>
    <datafield tag="084" ind1=" " ind2=" ">
      <subfield code="a">230</subfield>
      <subfield code="q">DE-101</subfield>
      <subfield code="2">sdnb</subfield>
    </datafield>
    <datafield tag="084" ind1=" " ind2=" ">
      <subfield code="a">230</subfield>
      <subfield code="q">DE-600</subfield>
      <subfield code="2">sdnb</subfield>
    </datafield>
    <datafield tag="110" ind1="2" ind2=" ">
      <subfield code="0">(DE-588)16345568-5</subfield>
      <subfield code="0">(DE-101)1021371572</subfield>
      <subfield code="a">Katholische Hochschule</subfield>
      <subfield code="g">Mainz</subfield>
      <subfield code="4">aut</subfield>
    </datafield>
    <datafield tag="245" ind1="1" ind2="0">
      <subfield code="a">Schriftenreihe der KH Mainz</subfield>
      <subfield code="c">Katholische Hochschule Mainz</subfield>
    </datafield>
    <datafield tag="246" ind1="1" ind2="3">
      <subfield code="i">Nebent.</subfield>
      <subfield code="a">Schriftenreihe</subfield>
    </datafield>
    <datafield tag="260" ind1="3" ind2=" ">
      <subfield code="a">St. Ottilien</subfield>
      <subfield code="b">EOS-Verl.</subfield>
    </datafield>
    <datafield tag="300" ind1=" " ind2=" ">
      <subfield code="c">24 cm</subfield>
    </datafield>
    <datafield tag="362" ind1="0" ind2=" ">
      <subfield code="a">6.2012 -</subfield>
    </datafield>
    <datafield tag="363" ind1="0" ind2="1">
      <subfield code="8">1.1\x</subfield>
      <subfield code="a">6</subfield>
      <subfield code="i">2012</subfield>
    </datafield>
    <datafield tag="515" ind1=" " ind2=" ">
      <subfield code="a">Ersch. unregelmäßig</subfield>
    </datafield>
    <datafield tag="780" ind1="0" ind2="0">
      <subfield code="i">Bis Bd. 5 u.d.T.:</subfield>
      <subfield code="a">Katholische Fachhochschule &lt;Mainz></subfield>
      <subfield code="t">Schriftenreihe der KFH Mainz</subfield>
      <subfield code="w">(DE-600)2279337-9</subfield>
      <subfield code="w">(DE-101)983880514</subfield>
    </datafield>
    <datafield tag="925" ind1="r" ind2=" ">
      <subfield code="a">ra</subfield>
    </datafield>
  </record>