
  <record format="MARC21" type="Bibliographic">
    <leader>01032nas a2200277 c 4500</leader>
    <controlfield tag="001">1024787680</controlfield>
    <controlfield tag="003">DE-101</controlfield>
    <controlfield tag="005">20120802113343.0</controlfield>
    <controlfield tag="007">tu</controlfield>
    <controlfield tag="008">120802c20129999xx a||p|r ||| 0||||0ger c</controlfield>
    <datafield tag="016" ind1="7" ind2=" ">
      <subfield code="2">DE-101</subfield>
      <subfield code="a">1024787680</subfield>
    </datafield>
    <datafield tag="016" ind1="7" ind2=" ">
      <subfield code="2">DE-600</subfield>
      <subfield code="a">2675904-4</subfield>
    </datafield>
    <datafield tag="035" ind1=" " ind2=" ">
      <subfield code="a">(DE-599)ZDB2675904-4</subfield>
    </datafield>
    <datafield tag="040" ind1=" " ind2=" ">
      <subfield code="a">0109</subfield>
      <subfield code="b">ger</subfield>
      <subfield code="c">DE-101</subfield>
      <subfield code="d">0109</subfield>
    </datafield>
    <datafield tag="041" ind1=" " ind2=" ">
      <subfield code="a">ger</subfield>
    </datafield>
    <datafield tag="044" ind1=" " ind2=" ">
      <subfield code="c">XA-DXDE</subfield>
    </datafield>
    <datafield tag="084" ind1=" " ind2=" ">
      <subfield code="a">330</subfield>
      <subfield code="q">DE-600</subfield>
      <subfield code="2">sdnb</subfield>
    </datafield>
    <datafield tag="110" ind1="2" ind2=" ">
      <subfield code="0">(DE-588)2027583-3</subfield>
      <subfield code="0">(DE-101)004843541</subfield>
      <subfield code="a">Stuttgart</subfield>
      <subfield code="4">aut</subfield>
    </datafield>
    <datafield tag="245" ind1="1" ind2="0">
      <subfield code="a">Schlußbericht ... über die Prüfung des Jahresabschlusses / Stuttgart</subfield>
      <subfield code="c">Landeshauptstadt Stuttgart, Rechnungsprüfungsamt</subfield>
    </datafield>
    <datafield tag="260" ind1="3" ind2=" ">
      <subfield code="a">Stuttgart</subfield>
      <subfield code="b">Landeshauptstadt Stuttgart, Rechnungsprüfungsamt</subfield>
    </datafield>
    <datafield tag="300" ind1=" " ind2=" ">
      <subfield code="c">30 cm</subfield>
    </datafield>
    <datafield tag="362" ind1="0" ind2=" ">
      <subfield code="a">2010(2012) -</subfield>
    </datafield>
    <datafield tag="363" ind1="0" ind2="1">
      <subfield code="8">1.1\x</subfield>
      <subfield code="i">2010</subfield>
    </datafield>
    <datafield tag="515" ind1=" " ind2=" ">
      <subfield code="a">Ersch. jährl.</subfield>
    </datafield>
    <datafield tag="710" ind1="1" ind2=" ">
      <subfield code="0">(DE-588)5086277-7</subfield>
      <subfield code="0">(DE-101)050862774</subfield>
      <subfield code="a">Stuttgart</subfield>
      <subfield code="b">Rechnungsprüfungsamt</subfield>
    </datafield>
    <datafield tag="780" ind1="0" ind2="0">
      <subfield code="i">Vorg.:</subfield>
      <subfield code="a">Stuttgart</subfield>
      <subfield code="t">Schlußbericht ... über die örtliche Prüfung der Jahresrechnung / Stuttgart</subfield>
      <subfield code="w">(DE-600)2405554-2</subfield>
      <subfield code="w">(DE-101)987213199</subfield>
    </datafield>
  </record>