
  <record format="MARC21" type="Bibliographic">
    <leader>00706nas a2200241 c 4500</leader>
    <controlfield tag="001">102478763X</controlfield>
    <controlfield tag="003">DE-101</controlfield>
    <controlfield tag="005">20120802113300.0</controlfield>
    <controlfield tag="007">tu</controlfield>
    <controlfield tag="008">120802c20129999sp u||m|r ||| 0||||0spa c</controlfield>
    <datafield tag="016" ind1="7" ind2=" ">
      <subfield code="2">DE-101</subfield>
      <subfield code="a">102478763X</subfield>
    </datafield>
    <datafield tag="016" ind1="7" ind2=" ">
      <subfield code="2">DE-600</subfield>
      <subfield code="a">2675903-2</subfield>
    </datafield>
    <datafield tag="035" ind1=" " ind2=" ">
      <subfield code="a">(DE-599)ZDB2675903-2</subfield>
    </datafield>
    <datafield tag="040" ind1=" " ind2=" ">
      <subfield code="a">0204</subfield>
      <subfield code="b">ger</subfield>
      <subfield code="c">DE-101</subfield>
      <subfield code="d">0204</subfield>
    </datafield>
    <datafield tag="041" ind1=" " ind2=" ">
      <subfield code="a">spa</subfield>
    </datafield>
    <datafield tag="044" ind1=" " ind2=" ">
      <subfield code="c">XA-ES</subfield>
    </datafield>
    <datafield tag="084" ind1=" " ind2=" ">
      <subfield code="a">340</subfield>
      <subfield code="q">DE-600</subfield>
      <subfield code="2">sdnb</subfield>
    </datafield>
    <datafield tag="245" ind1="1" ind2="0">
      <subfield code="a">Colección de monografías de derecho civil</subfield>
      <subfield code="n">1</subfield>
      <subfield code="p">Persona y familia</subfield>
    </datafield>
    <datafield tag="246" ind1="1" ind2="9">
      <subfield code="a">Colección de monografías de derecho civil / 1</subfield>
    </datafield>
    <datafield tag="246" ind1="1" ind2="3">
      <subfield code="i">Nebent.</subfield>
      <subfield code="a">Monografías de derecho civil</subfield>
    </datafield>
    <datafield tag="260" ind1="3" ind2=" ">
      <subfield code="a">Madrid</subfield>
      <subfield code="b">Ed. Dykinson</subfield>
    </datafield>
    <datafield tag="362" ind1="0" ind2=" ">
      <subfield code="a">Nachgewiesen 10.2012 -</subfield>
    </datafield>
    <datafield tag="930" ind1=" " ind2=" ">
      <subfield code="l">1</subfield>
      <subfield code="a">Persona y familia</subfield>
    </datafield>
  </record>