
  <record format="MARC21" type="Bibliographic">
    <leader>01238nas a2200325 c 4500</leader>
    <controlfield tag="001">1024787338</controlfield>
    <controlfield tag="003">DE-101</controlfield>
    <controlfield tag="005">20120802113202.0</controlfield>
    <controlfield tag="007">cr||||||||||||</controlfield>
    <controlfield tag="008">120802c20129999it m||p|o ||| 0||||0ita c</controlfield>
    <datafield tag="016" ind1="7" ind2=" ">
      <subfield code="2">DE-101</subfield>
      <subfield code="a">1024787338</subfield>
    </datafield>
    <datafield tag="016" ind1="7" ind2=" ">
      <subfield code="2">DE-600</subfield>
      <subfield code="a">2675901-9</subfield>
    </datafield>
    <datafield tag="035" ind1=" " ind2=" ">
      <subfield code="a">(DE-599)ZDB2675901-9</subfield>
    </datafield>
    <datafield tag="040" ind1=" " ind2=" ">
      <subfield code="a">9001</subfield>
      <subfield code="b">ger</subfield>
      <subfield code="c">DE-101</subfield>
      <subfield code="d">9001</subfield>
    </datafield>
    <datafield tag="041" ind1=" " ind2=" ">
      <subfield code="a">ita</subfield>
    </datafield>
    <datafield tag="044" ind1=" " ind2=" ">
      <subfield code="c">XA-IT</subfield>
    </datafield>
    <datafield tag="084" ind1=" " ind2=" ">
      <subfield code="a">796</subfield>
      <subfield code="q">DE-600</subfield>
      <subfield code="2">sdnb</subfield>
    </datafield>
    <datafield tag="110" ind1="2" ind2=" ">
      <subfield code="0">(DE-588)1001266-7</subfield>
      <subfield code="0">(DE-101)004008766</subfield>
      <subfield code="a">Club Alpino Italiano</subfield>
      <subfield code="4">aut</subfield>
    </datafield>
    <datafield tag="245" ind1="1" ind2="0">
      <subfield code="a">Montagne 360°</subfield>
      <subfield code="h">[Elektronische Ressource]</subfield>
      <subfield code="b">la rivista del Club Alpino Italiano</subfield>
    </datafield>
    <datafield tag="246" ind1="1" ind2="3">
      <subfield code="a">Montagne 360 gradi</subfield>
    </datafield>
    <datafield tag="246" ind1="1" ind2="3">
      <subfield code="a">Montagne trecentosessanta gradi</subfield>
    </datafield>
    <datafield tag="260" ind1="3" ind2=" ">
      <subfield code="a">Milano</subfield>
      <subfield code="b">Club</subfield>
    </datafield>
    <datafield tag="300" ind1=" " ind2=" ">
      <subfield code="a">Online-Ressource</subfield>
    </datafield>
    <datafield tag="362" ind1="0" ind2=" ">
      <subfield code="a">2012 -</subfield>
    </datafield>
    <datafield tag="363" ind1="0" ind2="1">
      <subfield code="8">1.1\x</subfield>
      <subfield code="i">2012</subfield>
    </datafield>
    <datafield tag="515" ind1=" " ind2=" ">
      <subfield code="a">Ersch.monatl</subfield>
    </datafield>
    <datafield tag="591" ind1=" " ind2=" ">
      <subfield code="a">st: noch keine Titelhistorie eingetragen, weil erst 2013 Volltext verfügbar ist(02-08-12)</subfield>
    </datafield>
    <datafield tag="775" ind1="0" ind2="8">
      <subfield code="i">Druckausg.</subfield>
      <subfield code="a">Club Alpino Italiano</subfield>
      <subfield code="t">Montagne 360°</subfield>
      <subfield code="w">(DE-600)2666041-6</subfield>
      <subfield code="w">(DE-101)1023185245</subfield>
    </datafield>
    <datafield tag="780" ind1="0" ind2="0">
      <subfield code="i">Vorg.:</subfield>
      <subfield code="a">Club Alpino Italiano</subfield>
      <subfield code="t">&#x98;La&#x9c; rivista del Club Alpino Italiano</subfield>
      <subfield code="w">(DE-600)2669438-4</subfield>
      <subfield code="w">(DE-101)1023824493</subfield>
    </datafield>
    <datafield tag="856" ind1="4" ind2=" ">
      <subfield code="u">http://www.cai.it/index.php?id=1473&amp;L=0</subfield>
      <subfield code="x">Verlag; Volltext nach einem Jahr verfügbar</subfield>
    </datafield>
  </record>