
  <record format="MARC21" type="Bibliographic">
    <leader>00850nas a2200301 c 4500</leader>
    <controlfield tag="001">1024786005</controlfield>
    <controlfield tag="003">DE-101</controlfield>
    <controlfield tag="005">20120802105609.0</controlfield>
    <controlfield tag="007">tu</controlfield>
    <controlfield tag="008">120802c20129999gw b||p|r ||| 0||||0ger c</controlfield>
    <datafield tag="016" ind1="7" ind2=" ">
      <subfield code="2">DE-101</subfield>
      <subfield code="a">1024786005</subfield>
    </datafield>
    <datafield tag="016" ind1="7" ind2=" ">
      <subfield code="2">DE-600</subfield>
      <subfield code="a">2675893-3</subfield>
    </datafield>
    <datafield tag="035" ind1=" " ind2=" ">
      <subfield code="a">(DE-599)ZDB2675893-3</subfield>
    </datafield>
    <datafield tag="040" ind1=" " ind2=" ">
      <subfield code="a">1241</subfield>
      <subfield code="b">ger</subfield>
      <subfield code="c">DE-101</subfield>
      <subfield code="d">1241</subfield>
    </datafield>
    <datafield tag="041" ind1=" " ind2=" ">
      <subfield code="a">ger</subfield>
    </datafield>
    <datafield tag="044" ind1=" " ind2=" ">
      <subfield code="c">XA-DE</subfield>
    </datafield>
    <datafield tag="084" ind1=" " ind2=" ">
      <subfield code="a">610</subfield>
      <subfield code="q">DE-101</subfield>
      <subfield code="2">sdnb</subfield>
    </datafield>
    <datafield tag="084" ind1=" " ind2=" ">
      <subfield code="a">610</subfield>
      <subfield code="q">DE-600</subfield>
      <subfield code="2">sdnb</subfield>
    </datafield>
    <datafield tag="090" ind1=" " ind2=" ">
      <subfield code="n">fn</subfield>
    </datafield>
    <datafield tag="245" ind1="1" ind2="0">
      <subfield code="a">Competence</subfield>
      <subfield code="b">Wissenschaft und Forschung</subfield>
    </datafield>
    <datafield tag="260" ind1="3" ind2=" ">
      <subfield code="a">Offenbach</subfield>
      <subfield code="b">Health-Care-Com</subfield>
    </datafield>
    <datafield tag="300" ind1=" " ind2=" ">
      <subfield code="c">28 cm</subfield>
    </datafield>
    <datafield tag="362" ind1="0" ind2=" ">
      <subfield code="a">Nachgewiesen 2012 -</subfield>
    </datafield>
    <datafield tag="363" ind1="0" ind2="1">
      <subfield code="8">1.1\x</subfield>
      <subfield code="i">2012</subfield>
    </datafield>
    <datafield tag="515" ind1=" " ind2=" ">
      <subfield code="a">Periodizität: alle zwei Monate</subfield>
    </datafield>
    <datafield tag="751" ind1=" " ind2=" ">
      <subfield code="0">(DE-588)2021065-6</subfield>
      <subfield code="0">(DE-101)004789385</subfield>
      <subfield code="a">Offenbach, Main</subfield>
      <subfield code="4">dbp</subfield>
      <subfield code="2">gnd</subfield>
    </datafield>
    <datafield tag="772" ind1="0" ind2="8">
      <subfield code="i">Beil. zu:</subfield>
      <subfield code="t">E-health-com</subfield>
      <subfield code="w">(DE-600)2269168-6</subfield>
      <subfield code="w">(DE-101)983022488</subfield>
    </datafield>
    <datafield tag="925" ind1="r" ind2=" ">
      <subfield code="a">ra</subfield>
    </datafield>
  </record>