
  <record format="MARC21" type="Bibliographic">
    <leader>01122nas a2200313 c 4500</leader>
    <controlfield tag="001">1024785750</controlfield>
    <controlfield tag="003">DE-101</controlfield>
    <controlfield tag="005">20120802110322.0</controlfield>
    <controlfield tag="007">cr||||||||||||</controlfield>
    <controlfield tag="008">120802c20129999gw f||p|o ||| 0||||0ger c</controlfield>
    <datafield tag="016" ind1="7" ind2=" ">
      <subfield code="2">DE-101</subfield>
      <subfield code="a">1024785750</subfield>
    </datafield>
    <datafield tag="016" ind1="7" ind2=" ">
      <subfield code="2">DE-600</subfield>
      <subfield code="a">2675890-8</subfield>
    </datafield>
    <datafield tag="029" ind1="a" ind2="d">
      <subfield code="a">2194-5705</subfield>
    </datafield>
    <datafield tag="035" ind1=" " ind2=" ">
      <subfield code="a">(DE-599)ZDB2675890-8</subfield>
    </datafield>
    <datafield tag="040" ind1=" " ind2=" ">
      <subfield code="a">9001</subfield>
      <subfield code="b">ger</subfield>
      <subfield code="c">DE-101</subfield>
      <subfield code="d">9001</subfield>
    </datafield>
    <datafield tag="041" ind1=" " ind2=" ">
      <subfield code="a">ger</subfield>
    </datafield>
    <datafield tag="044" ind1=" " ind2=" ">
      <subfield code="c">XA-DE</subfield>
    </datafield>
    <datafield tag="084" ind1=" " ind2=" ">
      <subfield code="a">530</subfield>
      <subfield code="q">DE-600</subfield>
      <subfield code="2">sdnb</subfield>
    </datafield>
    <datafield tag="245" ind1="1" ind2="0">
      <subfield code="a">Entdeckt</subfield>
      <subfield code="h">[Elektronische Ressource]</subfield>
      <subfield code="b">das Forschungsmagazin aus dem HZDR</subfield>
    </datafield>
    <datafield tag="260" ind1="3" ind2=" ">
      <subfield code="a">Dresden</subfield>
      <subfield code="b">Helmholtz-Zentrum Dresden-Rossendorf</subfield>
    </datafield>
    <datafield tag="300" ind1=" " ind2=" ">
      <subfield code="a">Online-Ressource</subfield>
    </datafield>
    <datafield tag="362" ind1="0" ind2=" ">
      <subfield code="a">1.2012 -</subfield>
    </datafield>
    <datafield tag="363" ind1="0" ind2="1">
      <subfield code="8">1.1\x</subfield>
      <subfield code="a">1</subfield>
      <subfield code="i">2012</subfield>
    </datafield>
    <datafield tag="515" ind1=" " ind2=" ">
      <subfield code="a">2011 nicht ersch.; 2x jährl.</subfield>
    </datafield>
    <datafield tag="710" ind1="2" ind2=" ">
      <subfield code="0">(DE-588)16102193-1</subfield>
      <subfield code="0">(DE-101)1010237780</subfield>
      <subfield code="a">Helmholtz-Zentrum</subfield>
      <subfield code="g">Dresden</subfield>
    </datafield>
    <datafield tag="775" ind1="0" ind2="8">
      <subfield code="i">Druckausg.</subfield>
      <subfield code="t">Entdeckt</subfield>
      <subfield code="w">(DE-600)2673671-8</subfield>
      <subfield code="w">(DE-101)102438005X</subfield>
    </datafield>
    <datafield tag="780" ind1="0" ind2="0">
      <subfield code="i">Vorg.:</subfield>
      <subfield code="a">Forschungszentrum &lt;Dresden></subfield>
      <subfield code="t">FZD-Journal</subfield>
      <subfield code="w">(DE-600)2608135-0</subfield>
      <subfield code="w">(DE-101)1011693356</subfield>
    </datafield>
    <datafield tag="856" ind1="4" ind2=" ">
      <subfield code="u">http://www.hzdr.de/db/Cms?pNid=2931</subfield>
      <subfield code="x">Verlag</subfield>
      <subfield code="z">kostenfrei</subfield>
    </datafield>
    <datafield tag="856" ind1="4" ind2=" ">
      <subfield code="u">http://www.bibliothek.uni-regensburg.de/ezeit/?2675890</subfield>
      <subfield code="x">EZB</subfield>
    </datafield>
  </record>