
  <record format="MARC21" type="Bibliographic">
    <leader>00929nas a2200265 c 4500</leader>
    <controlfield tag="001">1024785092</controlfield>
    <controlfield tag="003">DE-101</controlfield>
    <controlfield tag="005">20120802103602.0</controlfield>
    <controlfield tag="007">tu</controlfield>
    <controlfield tag="008">120802c20129999gw f||p|r ||| 0||||0ger c</controlfield>
    <datafield tag="016" ind1="7" ind2=" ">
      <subfield code="2">DE-101</subfield>
      <subfield code="a">1024785092</subfield>
    </datafield>
    <datafield tag="016" ind1="7" ind2=" ">
      <subfield code="2">DE-600</subfield>
      <subfield code="a">2675888-X</subfield>
    </datafield>
    <datafield tag="035" ind1=" " ind2=" ">
      <subfield code="a">(DE-599)ZDB2675888-X</subfield>
    </datafield>
    <datafield tag="040" ind1=" " ind2=" ">
      <subfield code="a">0929</subfield>
      <subfield code="b">ger</subfield>
      <subfield code="c">DE-101</subfield>
      <subfield code="d">0929</subfield>
    </datafield>
    <datafield tag="041" ind1=" " ind2=" ">
      <subfield code="a">ger</subfield>
    </datafield>
    <datafield tag="044" ind1=" " ind2=" ">
      <subfield code="c">XA-DE</subfield>
    </datafield>
    <datafield tag="084" ind1=" " ind2=" ">
      <subfield code="a">370</subfield>
      <subfield code="q">DE-600</subfield>
      <subfield code="2">sdnb</subfield>
    </datafield>
    <datafield tag="084" ind1=" " ind2=" ">
      <subfield code="a">120</subfield>
      <subfield code="a">130</subfield>
      <subfield code="a">140</subfield>
      <subfield code="2">rpb</subfield>
    </datafield>
    <datafield tag="110" ind1="2" ind2=" ">
      <subfield code="0">(DE-588)10130985-5</subfield>
      <subfield code="0">(DE-101)978864921</subfield>
      <subfield code="a">Kreisvolkshochschule des Rhein-Lahn-Kreises</subfield>
      <subfield code="g">Ems</subfield>
      <subfield code="4">aut</subfield>
    </datafield>
    <datafield tag="245" ind1="1" ind2="0">
      <subfield code="a">Semesterprogramm / Kreisvolkshochschule des Rhein-Lahn-Kreises</subfield>
    </datafield>
    <datafield tag="260" ind1="3" ind2=" ">
      <subfield code="a">Bad Ems</subfield>
      <subfield code="b">Kreisvolkshochschule</subfield>
    </datafield>
    <datafield tag="362" ind1="0" ind2=" ">
      <subfield code="a">2012/13,He./Wi. -</subfield>
    </datafield>
    <datafield tag="363" ind1="0" ind2="1">
      <subfield code="8">1.1\x</subfield>
      <subfield code="i">2012/13</subfield>
    </datafield>
    <datafield tag="515" ind1=" " ind2=" ">
      <subfield code="a">Ersch. halbjährl.</subfield>
    </datafield>
    <datafield tag="780" ind1="0" ind2="0">
      <subfield code="i">Vorg.:</subfield>
      <subfield code="a">Kreisvolkshochschule des Rhein-Lahn-Kreises &lt;Ems></subfield>
      <subfield code="t">Programmheft / Kreisvolkshochschule des Rhein-Lahn-Kreises</subfield>
      <subfield code="w">(DE-600)2508573-6</subfield>
      <subfield code="w">(DE-101)995778558</subfield>
    </datafield>
  </record>