
  <record format="MARC21" type="Bibliographic">
    <leader>00818nas a2200241 c 4500</leader>
    <controlfield tag="001">1024785017</controlfield>
    <controlfield tag="003">DE-101</controlfield>
    <controlfield tag="005">20120802103448.0</controlfield>
    <controlfield tag="007">tu</controlfield>
    <controlfield tag="008">120802c20129999gw u||p|r ||| 0||||0ger c</controlfield>
    <datafield tag="016" ind1="7" ind2=" ">
      <subfield code="2">DE-101</subfield>
      <subfield code="a">1024785017</subfield>
    </datafield>
    <datafield tag="016" ind1="7" ind2=" ">
      <subfield code="2">DE-600</subfield>
      <subfield code="a">2675886-6</subfield>
    </datafield>
    <datafield tag="035" ind1=" " ind2=" ">
      <subfield code="a">(DE-599)ZDB2675886-6</subfield>
    </datafield>
    <datafield tag="040" ind1=" " ind2=" ">
      <subfield code="a">4031</subfield>
      <subfield code="b">ger</subfield>
      <subfield code="c">DE-101</subfield>
      <subfield code="d">4031</subfield>
    </datafield>
    <datafield tag="041" ind1=" " ind2=" ">
      <subfield code="a">ger</subfield>
    </datafield>
    <datafield tag="044" ind1=" " ind2=" ">
      <subfield code="c">XA-DE</subfield>
    </datafield>
    <datafield tag="084" ind1=" " ind2=" ">
      <subfield code="a">370</subfield>
      <subfield code="q">DE-600</subfield>
      <subfield code="2">sdnb</subfield>
    </datafield>
    <datafield tag="090" ind1=" " ind2=" ">
      <subfield code="n">sc</subfield>
    </datafield>
    <datafield tag="110" ind1="2" ind2=" ">
      <subfield code="0">(DE-588)1024784592</subfield>
      <subfield code="0">(DE-101)1024784592</subfield>
      <subfield code="a">Labenwolf-Gymnasium</subfield>
      <subfield code="4">aut</subfield>
    </datafield>
    <datafield tag="245" ind1="1" ind2="0">
      <subfield code="a">Jahresbericht / Labenwolf-Gymnasium, das musische Gymnasium der Stadt Nürnberg</subfield>
    </datafield>
    <datafield tag="260" ind1="3" ind2=" ">
      <subfield code="a">Nürnberg</subfield>
      <subfield code="b">[s.n.]</subfield>
    </datafield>
    <datafield tag="362" ind1="0" ind2=" ">
      <subfield code="a">2011/2012 -</subfield>
    </datafield>
    <datafield tag="780" ind1="0" ind2="0">
      <subfield code="i">Vorg.:</subfield>
      <subfield code="a">Städtisches Labenwolf-Gymnasium &lt;Nürnberg></subfield>
      <subfield code="t">Jahresbericht / Städtisches Labenwolf-Gymnasium Nürnberg</subfield>
      <subfield code="w">(DE-600)1274477-3</subfield>
      <subfield code="w">(DE-101)017856345</subfield>
    </datafield>
  </record>