
  <record format="MARC21" type="Bibliographic">
    <leader>00957nas a2200253 c 4500</leader>
    <controlfield tag="001">1024784665</controlfield>
    <controlfield tag="003">DE-101</controlfield>
    <controlfield tag="005">20120802142517.0</controlfield>
    <controlfield tag="007">tu</controlfield>
    <controlfield tag="008">120802c20129999xx u||p|r ||| 0||||0rus c</controlfield>
    <datafield tag="016" ind1="7" ind2=" ">
      <subfield code="2">DE-101</subfield>
      <subfield code="a">1024784665</subfield>
    </datafield>
    <datafield tag="016" ind1="7" ind2=" ">
      <subfield code="2">DE-600</subfield>
      <subfield code="a">2675883-0</subfield>
    </datafield>
    <datafield tag="035" ind1=" " ind2=" ">
      <subfield code="a">(DE-599)ZDB2675883-0</subfield>
    </datafield>
    <datafield tag="040" ind1=" " ind2=" ">
      <subfield code="a">0001</subfield>
      <subfield code="b">ger</subfield>
      <subfield code="c">DE-101</subfield>
      <subfield code="d">0001</subfield>
    </datafield>
    <datafield tag="041" ind1=" " ind2=" ">
      <subfield code="a">rus</subfield>
    </datafield>
    <datafield tag="044" ind1=" " ind2=" ">
      <subfield code="c">XA-RU</subfield>
    </datafield>
    <datafield tag="084" ind1=" " ind2=" ">
      <subfield code="a">020</subfield>
      <subfield code="q">DE-600</subfield>
      <subfield code="2">sdnb</subfield>
    </datafield>
    <datafield tag="110" ind1="2" ind2=" ">
      <subfield code="0">(DE-588)16093884-3</subfield>
      <subfield code="0">(DE-101)1009079247</subfield>
      <subfield code="a">Prezidentskaja Biblioteka Imeni Borisa Nikolaeviča Elʹzina</subfield>
      <subfield code="g">Sankt Petersburg</subfield>
      <subfield code="4">aut</subfield>
    </datafield>
    <datafield tag="245" ind1="1" ind2="0">
      <subfield code="a">Ežegodnyj otčet / Prezidentskaja Biblioteka Imeni B. N. Elʹcina</subfield>
    </datafield>
    <datafield tag="260" ind1="3" ind2=" ">
      <subfield code="a">Sankt Peterburg</subfield>
      <subfield code="b">[s.n.]</subfield>
    </datafield>
    <datafield tag="362" ind1="0" ind2=" ">
      <subfield code="a">2011(2012) -</subfield>
    </datafield>
    <datafield tag="363" ind1="0" ind2="1">
      <subfield code="8">1.1\x</subfield>
      <subfield code="i">2011 </subfield>
    </datafield>
    <datafield tag="546" ind1=" " ind2=" ">
      <subfield code="a">In kyrill. Schr.; Text russ.</subfield>
    </datafield>
    <datafield tag="775" ind1="0" ind2="8">
      <subfield code="i">Engl. Ausg.</subfield>
      <subfield code="a">Prezidentskaja Biblioteka Imeni Borisa Nikolaeviča Elʹzina &lt;Sankt Petersburg></subfield>
      <subfield code="t">Annual report / Boris Yeltsin Presidential Library</subfield>
      <subfield code="w">(DE-600)2654089-7</subfield>
      <subfield code="w">(DE-101)1020468351</subfield>
    </datafield>
  </record>