
  <record format="MARC21" type="Bibliographic">
    <leader>00462nas a22001818c 4500</leader>
    <controlfield tag="001">1024784533</controlfield>
    <controlfield tag="003">DE-101</controlfield>
    <controlfield tag="005">20120802115038.0</controlfield>
    <controlfield tag="007">tu</controlfield>
    <controlfield tag="008">120802c20129999|||u||p|r ||| 0||||0||| c</controlfield>
    <datafield tag="016" ind1="7" ind2=" ">
      <subfield code="2">DE-101</subfield>
      <subfield code="a">1024784533</subfield>
    </datafield>
    <datafield tag="016" ind1="7" ind2=" ">
      <subfield code="2">DE-600</subfield>
      <subfield code="a">2675881-7</subfield>
    </datafield>
    <datafield tag="022" ind1=" " ind2=" ">
      <subfield code="a">2193-7567</subfield>
    </datafield>
    <datafield tag="035" ind1=" " ind2=" ">
      <subfield code="a">(DE-599)ZDB2675881-7</subfield>
    </datafield>
    <datafield tag="040" ind1=" " ind2=" ">
      <subfield code="a">1241</subfield>
      <subfield code="b">ger</subfield>
      <subfield code="c">DE-101</subfield>
      <subfield code="d">1241</subfield>
    </datafield>
    <datafield tag="245" ind1="1" ind2="0">
      <subfield code="a">&#x98;Der&#x9c; große Android-App-Guide</subfield>
    </datafield>
    <datafield tag="260" ind1="3" ind2=" ">
      <subfield code="a">München</subfield>
      <subfield code="b">Media GmbH</subfield>
    </datafield>
    <datafield tag="362" ind1="0" ind2=" ">
      <subfield code="a">Nachgewiesen 2012,1 -</subfield>
    </datafield>
  </record>