
  <record format="MARC21" type="Bibliographic">
    <leader>00939nas a2200301 c 4500</leader>
    <controlfield tag="001">1024783170</controlfield>
    <controlfield tag="003">DE-101</controlfield>
    <controlfield tag="005">20120802124511.0</controlfield>
    <controlfield tag="007">tu</controlfield>
    <controlfield tag="008">120802c20129999gw e||n|r l|| 0||||0ger c</controlfield>
    <datafield tag="016" ind1="7" ind2=" ">
      <subfield code="2">DE-101</subfield>
      <subfield code="a">1024783170</subfield>
    </datafield>
    <datafield tag="016" ind1="7" ind2=" ">
      <subfield code="2">DE-600</subfield>
      <subfield code="a">2675875-1</subfield>
    </datafield>
    <datafield tag="035" ind1=" " ind2=" ">
      <subfield code="a">(DE-599)ZDB2675875-1</subfield>
    </datafield>
    <datafield tag="040" ind1=" " ind2=" ">
      <subfield code="a">1241</subfield>
      <subfield code="b">ger</subfield>
      <subfield code="c">DE-101</subfield>
      <subfield code="d">1241</subfield>
    </datafield>
    <datafield tag="041" ind1=" " ind2=" ">
      <subfield code="a">ger</subfield>
    </datafield>
    <datafield tag="044" ind1=" " ind2=" ">
      <subfield code="c">XA-DE</subfield>
    </datafield>
    <datafield tag="084" ind1=" " ind2=" ">
      <subfield code="a">350</subfield>
      <subfield code="q">DE-101</subfield>
      <subfield code="2">sdnb</subfield>
    </datafield>
    <datafield tag="084" ind1=" " ind2=" ">
      <subfield code="a">350</subfield>
      <subfield code="q">DE-600</subfield>
      <subfield code="2">sdnb</subfield>
    </datafield>
    <datafield tag="110" ind1="2" ind2=" ">
      <subfield code="0">(DE-588)24279-2</subfield>
      <subfield code="0">(DE-101)000242799</subfield>
      <subfield code="a">Grenzach-Wyhlen</subfield>
      <subfield code="4">aut</subfield>
    </datafield>
    <datafield tag="245" ind1="1" ind2="0">
      <subfield code="a">Info / Grenzach-Wyhlen </subfield>
      <subfield code="b">amtliches Mitteilungsblatt</subfield>
    </datafield>
    <datafield tag="260" ind1="3" ind2=" ">
      <subfield code="a">Stockach</subfield>
      <subfield code="b">Primo-Verl.</subfield>
    </datafield>
    <datafield tag="300" ind1=" " ind2=" ">
      <subfield code="c">30 cm</subfield>
    </datafield>
    <datafield tag="362" ind1="0" ind2=" ">
      <subfield code="a">37.2012,14 -</subfield>
    </datafield>
    <datafield tag="363" ind1="0" ind2="1">
      <subfield code="8">1.1\x</subfield>
      <subfield code="a">37</subfield>
      <subfield code="i">2012</subfield>
    </datafield>
    <datafield tag="515" ind1=" " ind2=" ">
      <subfield code="a">Periodizität: vierzehntägl.</subfield>
    </datafield>
    <datafield tag="751" ind1=" " ind2=" ">
      <subfield code="0">(DE-588)24279-2</subfield>
      <subfield code="0">(DE-101)000242799</subfield>
      <subfield code="a">Grenzach-Wyhlen</subfield>
      <subfield code="4">dbp</subfield>
      <subfield code="2">gnd</subfield>
    </datafield>
    <datafield tag="780" ind1="0" ind2="0">
      <subfield code="i">Vorg.:</subfield>
      <subfield code="a">Grenzach-Wyhlen</subfield>
      <subfield code="t">Mitteilungsblatt Grenzach-Wyhlen</subfield>
      <subfield code="w">(DE-600)522606-5</subfield>
      <subfield code="w">(DE-101)012785911</subfield>
    </datafield>
    <datafield tag="925" ind1="r" ind2=" ">
      <subfield code="a">ra</subfield>
    </datafield>
  </record>