
  <record format="MARC21" type="Bibliographic">
    <leader>00645nas a2200229 c 4500</leader>
    <controlfield tag="001">1024782808</controlfield>
    <controlfield tag="003">DE-101</controlfield>
    <controlfield tag="005">20120802094851.0</controlfield>
    <controlfield tag="007">tu</controlfield>
    <controlfield tag="008">120802c20129999gw u||m|r ||| 0||||0ger c</controlfield>
    <datafield tag="016" ind1="7" ind2=" ">
      <subfield code="2">DE-101</subfield>
      <subfield code="a">1024782808</subfield>
    </datafield>
    <datafield tag="016" ind1="7" ind2=" ">
      <subfield code="2">DE-600</subfield>
      <subfield code="a">2675870-2</subfield>
    </datafield>
    <datafield tag="035" ind1=" " ind2=" ">
      <subfield code="a">(DE-599)ZDB2675870-2</subfield>
    </datafield>
    <datafield tag="040" ind1=" " ind2=" ">
      <subfield code="a">4011</subfield>
      <subfield code="b">ger</subfield>
      <subfield code="c">DE-101</subfield>
      <subfield code="d">4011</subfield>
    </datafield>
    <datafield tag="041" ind1=" " ind2=" ">
      <subfield code="a">ger</subfield>
    </datafield>
    <datafield tag="044" ind1=" " ind2=" ">
      <subfield code="c">XA-DE</subfield>
    </datafield>
    <datafield tag="084" ind1=" " ind2=" ">
      <subfield code="a">700</subfield>
      <subfield code="q">DE-600</subfield>
      <subfield code="2">sdnb</subfield>
    </datafield>
    <datafield tag="110" ind1="2" ind2=" ">
      <subfield code="0">(DE-588)3021470-1</subfield>
      <subfield code="0">(DE-101)941172449</subfield>
      <subfield code="a">Galerie Rothe</subfield>
      <subfield code="g">Frankfurt, Main</subfield>
      <subfield code="4">aut</subfield>
    </datafield>
    <datafield tag="245" ind1="1" ind2="0">
      <subfield code="a">Jahresgabe ... / Galerie Rothe, Frankfurt am Main</subfield>
    </datafield>
    <datafield tag="260" ind1="3" ind2=" ">
      <subfield code="a">Frankfurt, M.</subfield>
      <subfield code="b">[s.n.]</subfield>
    </datafield>
    <datafield tag="362" ind1="0" ind2=" ">
      <subfield code="a">Nachgewiesen 2012 -</subfield>
    </datafield>
    <datafield tag="363" ind1="0" ind2="1">
      <subfield code="8">1.1\x</subfield>
      <subfield code="i">2012</subfield>
    </datafield>
  </record>