
  <record format="MARC21" type="Bibliographic">
    <leader>01300nas a2200301 c 4500</leader>
    <controlfield tag="001">1024781097</controlfield>
    <controlfield tag="003">DE-101</controlfield>
    <controlfield tag="005">20120802090718.0</controlfield>
    <controlfield tag="007">cr||||||||||||</controlfield>
    <controlfield tag="008">120802c20129999gw u||m|o ||| 0||||0||| c</controlfield>
    <datafield tag="016" ind1="7" ind2=" ">
      <subfield code="2">DE-101</subfield>
      <subfield code="a">1024781097</subfield>
    </datafield>
    <datafield tag="016" ind1="7" ind2=" ">
      <subfield code="2">DE-600</subfield>
      <subfield code="a">2675861-1</subfield>
    </datafield>
    <datafield tag="029" ind1="a" ind2="d">
      <subfield code="a">2191-4907</subfield>
    </datafield>
    <datafield tag="035" ind1=" " ind2=" ">
      <subfield code="a">(DE-599)ZDB2675861-1</subfield>
    </datafield>
    <datafield tag="040" ind1=" " ind2=" ">
      <subfield code="a">0046</subfield>
      <subfield code="b">ger</subfield>
      <subfield code="c">DE-101</subfield>
      <subfield code="d">0046</subfield>
    </datafield>
    <datafield tag="044" ind1=" " ind2=" ">
      <subfield code="c">XA-DE</subfield>
    </datafield>
    <datafield tag="084" ind1=" " ind2=" ">
      <subfield code="a">330</subfield>
      <subfield code="q">DE-600</subfield>
      <subfield code="2">sdnb</subfield>
    </datafield>
    <datafield tag="245" ind1="1" ind2="0">
      <subfield code="a">RessourcenKultur</subfield>
      <subfield code="h">[Elektronische Ressource]</subfield>
      <subfield code="b">Vertrauenskultur, Innovation, Ressourceneffinzienz</subfield>
      <subfield code="n">[...]</subfield>
      <subfield code="p">Sonderausgabe</subfield>
      <subfield code="c">artec, Forschungszentrum Nachhaltigkeit ; Wuppertal Institut</subfield>
    </datafield>
    <datafield tag="246" ind1="1" ind2="9">
      <subfield code="a">RessourcenKultur [[Elektronische Ressource]]  / Sonderausgabe</subfield>
    </datafield>
    <datafield tag="260" ind1="3" ind2=" ">
      <subfield code="a">Bremen</subfield>
      <subfield code="b">artec, Forschungszentrum Nachhaltigkeit</subfield>
    </datafield>
    <datafield tag="260" ind1="3" ind2=" ">
      <subfield code="a">Wuppertal</subfield>
      <subfield code="b">Wuppertal Institut für Klima, Umwelt, Energie</subfield>
    </datafield>
    <datafield tag="300" ind1=" " ind2=" ">
      <subfield code="a">Online-Ressource</subfield>
    </datafield>
    <datafield tag="362" ind1="0" ind2=" ">
      <subfield code="a">1.2012 -</subfield>
    </datafield>
    <datafield tag="363" ind1="0" ind2="1">
      <subfield code="8">1.1\x</subfield>
      <subfield code="i">2012</subfield>
    </datafield>
    <datafield tag="710" ind1="2" ind2=" ">
      <subfield code="0">(DE-588)10077304-7</subfield>
      <subfield code="0">(DE-101)970998066</subfield>
      <subfield code="a">Forschungszentrum Nachhaltigkeit (Artec)</subfield>
      <subfield code="g">Bremen</subfield>
    </datafield>
    <datafield tag="710" ind1="2" ind2=" ">
      <subfield code="0">(DE-588)6052682-8</subfield>
      <subfield code="0">(DE-101)979168228</subfield>
      <subfield code="a">Wuppertal-Institut für Klima, Umwelt, Energie</subfield>
      <subfield code="b">Forschungsgruppe Nachhaltiges Produzieren und Konsumieren</subfield>
    </datafield>
    <datafield tag="775" ind1="0" ind2="8">
      <subfield code="i">Druckausg.:</subfield>
      <subfield code="t">RessourcenKultur / Sonderausgabe</subfield>
      <subfield code="w">(DE-600)2675858-1</subfield>
      <subfield code="w">(DE-101)1024780945</subfield>
    </datafield>
    <datafield tag="930" ind1=" " ind2=" ">
      <subfield code="a">Sonderausgabe</subfield>
    </datafield>
  </record>