
  <record format="MARC21" type="Bibliographic">
    <leader>01040nas a2200289 c 4500</leader>
    <controlfield tag="001">1024779696</controlfield>
    <controlfield tag="003">DE-101</controlfield>
    <controlfield tag="005">20120802083329.0</controlfield>
    <controlfield tag="007">cr||||||||||||</controlfield>
    <controlfield tag="008">120802c20129999xx u||p|o ||| 0||||0eng c</controlfield>
    <datafield tag="016" ind1="7" ind2=" ">
      <subfield code="2">DE-101</subfield>
      <subfield code="a">1024779696</subfield>
    </datafield>
    <datafield tag="016" ind1="7" ind2=" ">
      <subfield code="2">DE-600</subfield>
      <subfield code="a">2675850-7</subfield>
    </datafield>
    <datafield tag="022" ind1=" " ind2=" ">
      <subfield code="a">1800-9581</subfield>
    </datafield>
    <datafield tag="035" ind1=" " ind2=" ">
      <subfield code="a">(DE-599)ZDB2675850-7</subfield>
    </datafield>
    <datafield tag="040" ind1=" " ind2=" ">
      <subfield code="a">0355</subfield>
      <subfield code="b">ger</subfield>
      <subfield code="c">DE-101</subfield>
      <subfield code="d">0355</subfield>
    </datafield>
    <datafield tag="041" ind1=" " ind2=" ">
      <subfield code="a">eng</subfield>
    </datafield>
    <datafield tag="044" ind1=" " ind2=" ">
      <subfield code="c">XA-ME</subfield>
    </datafield>
    <datafield tag="084" ind1=" " ind2=" ">
      <subfield code="a">330</subfield>
      <subfield code="q">DE-600</subfield>
      <subfield code="2">sdnb</subfield>
    </datafield>
    <datafield tag="245" ind1="1" ind2="0">
      <subfield code="a">Journal of central banking theory and practice</subfield>
      <subfield code="h">[Elektronische Ressource]</subfield>
      <subfield code="c">Central Bank of Montenegro</subfield>
    </datafield>
    <datafield tag="246" ind1="1" ind2="3">
      <subfield code="i">Nebent.</subfield>
      <subfield code="a">Journal of central banking</subfield>
    </datafield>
    <datafield tag="260" ind1="3" ind2=" ">
      <subfield code="a">Podgorica</subfield>
      <subfield code="b">[s.n.]</subfield>
    </datafield>
    <datafield tag="300" ind1=" " ind2=" ">
      <subfield code="a">Online-Ressource</subfield>
    </datafield>
    <datafield tag="362" ind1="0" ind2=" ">
      <subfield code="a">1.2012 -</subfield>
    </datafield>
    <datafield tag="710" ind1="2" ind2=" ">
      <subfield code="0">(DE-588)10130226-5</subfield>
      <subfield code="0">(DE-101)978798600</subfield>
      <subfield code="a">Centralna Banka Crne Gore</subfield>
    </datafield>
    <datafield tag="775" ind1="0" ind2="8">
      <subfield code="i">Druckausg.</subfield>
      <subfield code="t">Journal of central banking theory and practice</subfield>
      <subfield code="w">(DE-600)2673361-4</subfield>
      <subfield code="w">(DE-101)1024305473</subfield>
    </datafield>
    <datafield tag="856" ind1="4" ind2=" ">
      <subfield code="u">http://www.cb-mn.org/eng/index.php?bl=journal</subfield>
      <subfield code="x">Verlag</subfield>
      <subfield code="z">kostenfrei</subfield>
    </datafield>
    <datafield tag="856" ind1="4" ind2=" ">
      <subfield code="u">http://www.bibliothek.uni-regensburg.de/ezeit/?2675850</subfield>
      <subfield code="x">EZB</subfield>
    </datafield>
  </record>