
  <record format="MARC21" type="Bibliographic">
    <leader>01853nas a2200433 c 4500</leader>
    <controlfield tag="001">1024757986</controlfield>
    <controlfield tag="003">DE-101</controlfield>
    <controlfield tag="005">20120802083041.0</controlfield>
    <controlfield tag="007">tu</controlfield>
    <controlfield tag="008">120801c20129999au w||n|r ||| 0||||0ger c</controlfield>
    <datafield tag="016" ind1="7" ind2=" ">
      <subfield code="2">DE-101</subfield>
      <subfield code="a">1024757986</subfield>
    </datafield>
    <datafield tag="016" ind1="7" ind2=" ">
      <subfield code="2">DE-600</subfield>
      <subfield code="a">2675787-4</subfield>
    </datafield>
    <datafield tag="035" ind1=" " ind2=" ">
      <subfield code="a">(DE-599)ZDB2675787-4</subfield>
    </datafield>
    <datafield tag="040" ind1=" " ind2=" ">
      <subfield code="a">4060</subfield>
      <subfield code="b">ger</subfield>
      <subfield code="c">DE-101</subfield>
      <subfield code="d">4060</subfield>
    </datafield>
    <datafield tag="041" ind1=" " ind2=" ">
      <subfield code="a">ger</subfield>
    </datafield>
    <datafield tag="044" ind1=" " ind2=" ">
      <subfield code="c">XA-AT</subfield>
    </datafield>
    <datafield tag="084" ind1=" " ind2=" ">
      <subfield code="a">070</subfield>
      <subfield code="q">DE-600</subfield>
      <subfield code="2">sdnb</subfield>
    </datafield>
    <datafield tag="090" ind1=" " ind2=" ">
      <subfield code="n">ao</subfield>
      <subfield code="n">lp</subfield>
    </datafield>
    <datafield tag="245" ind1="1" ind2="0">
      <subfield code="a">Meine Woche</subfield>
      <subfield code="n">[...]</subfield>
      <subfield code="p">St. Veit</subfield>
    </datafield>
    <datafield tag="246" ind1="1" ind2="9">
      <subfield code="a">Meine Woche / St. Veit</subfield>
    </datafield>
    <datafield tag="246" ind1="1" ind2="3">
      <subfield code="a">Meine Woche / Sankt Veit</subfield>
    </datafield>
    <datafield tag="246" ind1="1" ind2="3">
      <subfield code="i">Nebent.</subfield>
      <subfield code="a">Woche St. Veit</subfield>
    </datafield>
    <datafield tag="247" ind1="1" ind2="0">
      <subfield code="a">Kärntner Woche</subfield>
      <subfield code="f">Nebent. d. 1. OG</subfield>
    </datafield>
    <datafield tag="260" ind1="3" ind2=" ">
      <subfield code="a">Klagenfurt</subfield>
      <subfield code="b">Kärntner Woche Zeitungs-GmbH</subfield>
    </datafield>
    <datafield tag="362" ind1="0" ind2=" ">
      <subfield code="a">2012,19(9.Mai) -</subfield>
    </datafield>
    <datafield tag="363" ind1="0" ind2="1">
      <subfield code="8">1.1\x</subfield>
      <subfield code="b">19</subfield>
      <subfield code="i">2012</subfield>
    </datafield>
    <datafield tag="515" ind1=" " ind2=" ">
      <subfield code="a">Periodizität: wöchentl.</subfield>
    </datafield>
    <datafield tag="751" ind1=" " ind2=" ">
      <subfield code="0">(DE-588)1023732653</subfield>
      <subfield code="0">(DE-101)1023732653</subfield>
      <subfield code="a">Klagenfurt am Wörthersee</subfield>
      <subfield code="4">dbp</subfield>
      <subfield code="2">gnd</subfield>
    </datafield>
    <datafield tag="751" ind1=" " ind2=" ">
      <subfield code="0">(DE-588)4051627-1</subfield>
      <subfield code="0">(DE-101)04051627X</subfield>
      <subfield code="a">Sankt Veit, Glan</subfield>
      <subfield code="4">dbp</subfield>
      <subfield code="2">gnd</subfield>
    </datafield>
    <datafield tag="775" ind1="0" ind2="8">
      <subfield code="i">Parallelausg.:</subfield>
      <subfield code="t">Meine Woche / Völkermarkt</subfield>
      <subfield code="w">(DE-600)2675706-0</subfield>
      <subfield code="w">(DE-101)1024749592</subfield>
    </datafield>
    <datafield tag="775" ind1="0" ind2="8">
      <subfield code="i">Parallelausg.:</subfield>
      <subfield code="t">Meine Woche / Villach</subfield>
      <subfield code="w">(DE-600)2675714-X</subfield>
      <subfield code="w">(DE-101)102475040X</subfield>
    </datafield>
    <datafield tag="775" ind1="0" ind2="8">
      <subfield code="i">Parallelausg.:</subfield>
      <subfield code="t">Meine Woche / Spittal</subfield>
      <subfield code="w">(DE-600)2675719-9</subfield>
      <subfield code="w">(DE-101)1024750965</subfield>
    </datafield>
    <datafield tag="775" ind1="0" ind2="8">
      <subfield code="i">Parallelausg.:</subfield>
      <subfield code="t">Meine Woche / Lavanttal</subfield>
      <subfield code="w">(DE-600)2675739-4</subfield>
      <subfield code="w">(DE-101)1024752208</subfield>
    </datafield>
    <datafield tag="775" ind1="0" ind2="8">
      <subfield code="i">Parallelausg.:</subfield>
      <subfield code="t">Meine Woche / Klagenfurt Land</subfield>
      <subfield code="w">(DE-600)2675740-0</subfield>
      <subfield code="w">(DE-101)1024752410</subfield>
    </datafield>
    <datafield tag="775" ind1="0" ind2="8">
      <subfield code="i">Parallelausg.:</subfield>
      <subfield code="t">Meine Woche / Klagenfurt</subfield>
      <subfield code="w">(DE-600)2675776-X</subfield>
      <subfield code="w">(DE-101)1024757080</subfield>
    </datafield>
    <datafield tag="775" ind1="0" ind2="8">
      <subfield code="i">Parallelausg.:</subfield>
      <subfield code="t">Meine Woche / Gailtal</subfield>
      <subfield code="w">(DE-600)2675782-5</subfield>
      <subfield code="w">(DE-101)1024757579</subfield>
    </datafield>
    <datafield tag="775" ind1="0" ind2="8">
      <subfield code="i">Parallelausg.:</subfield>
      <subfield code="t">Meine Woche / Feldkirchen</subfield>
      <subfield code="w">(DE-600)2675783-7</subfield>
      <subfield code="w">(DE-101)1024757757</subfield>
    </datafield>
    <datafield tag="780" ind1="0" ind2="0">
      <subfield code="i">Vorg.:</subfield>
      <subfield code="t">Kärntner Woche / Sankt Veit</subfield>
      <subfield code="w">(DE-600)2607761-9</subfield>
      <subfield code="w">(DE-101)1011621029</subfield>
    </datafield>
    <datafield tag="930" ind1=" " ind2=" ">
      <subfield code="a">St. Veit</subfield>
    </datafield>
  </record>