
  <record format="MARC21" type="Bibliographic">
    <leader>00717nas a22002298c 4500</leader>
    <controlfield tag="001">1024637395</controlfield>
    <controlfield tag="003">DE-101</controlfield>
    <controlfield tag="005">20120802103931.0</controlfield>
    <controlfield tag="007">tu</controlfield>
    <controlfield tag="008">120727c20129999|||a||p|r ||| 0||||0||| c</controlfield>
    <datafield tag="016" ind1="7" ind2=" ">
      <subfield code="2">DE-101</subfield>
      <subfield code="a">1024637395</subfield>
    </datafield>
    <datafield tag="016" ind1="7" ind2=" ">
      <subfield code="2">DE-600</subfield>
      <subfield code="a">2675128-8</subfield>
    </datafield>
    <datafield tag="022" ind1=" " ind2=" ">
      <subfield code="a">2235-3089</subfield>
    </datafield>
    <datafield tag="035" ind1=" " ind2=" ">
      <subfield code="a">(DE-599)ZDB2675128-8</subfield>
    </datafield>
    <datafield tag="035" ind1=" " ind2=" ">
      <subfield code="a">(OCoLC)795705686</subfield>
    </datafield>
    <datafield tag="040" ind1=" " ind2=" ">
      <subfield code="a">1131</subfield>
      <subfield code="b">ger</subfield>
      <subfield code="c">DE-101</subfield>
      <subfield code="d">9001</subfield>
    </datafield>
    <datafield tag="084" ind1=" " ind2=" ">
      <subfield code="a">8,1</subfield>
      <subfield code="2">ssgn</subfield>
    </datafield>
    <datafield tag="084" ind1=" " ind2=" ">
      <subfield code="a">940</subfield>
      <subfield code="q">DE-600</subfield>
      <subfield code="2">sdnb</subfield>
    </datafield>
    <datafield tag="245" ind1="1" ind2="0">
      <subfield code="a">Neujahrsblatt des Stadtzürcher Heimatschutzes</subfield>
    </datafield>
    <datafield tag="260" ind1="3" ind2=" ">
      <subfield code="a">Zürich</subfield>
      <subfield code="b">Stadtzürcher Heimatschutz</subfield>
    </datafield>
    <datafield tag="362" ind1="0" ind2=" ">
      <subfield code="a">Nachgewiesen 2012 -</subfield>
    </datafield>
    <datafield tag="780" ind1="0" ind2="0">
      <subfield code="i">Vorg.:</subfield>
      <subfield code="a">Zürcher Heimatschutz</subfield>
      <subfield code="t">Neujahrsblatt ... des Zürcher Heimatschutzes</subfield>
      <subfield code="w">(DE-600)2426942-6</subfield>
      <subfield code="w">(DE-101)98875620X</subfield>
    </datafield>
  </record>