
  <record format="MARC21" type="Bibliographic">
    <leader>01772nas a2200445 c 4500</leader>
    <controlfield tag="001">1024516296</controlfield>
    <controlfield tag="003">DE-101</controlfield>
    <controlfield tag="005">20120802082416.0</controlfield>
    <controlfield tag="007">co||||||||||||</controlfield>
    <controlfield tag="008">120724c20129999gw z||p|q ||| 0||||0ger c</controlfield>
    <datafield tag="016" ind1="7" ind2=" ">
      <subfield code="2">DE-101</subfield>
      <subfield code="a">1024516296</subfield>
    </datafield>
    <datafield tag="016" ind1="7" ind2=" ">
      <subfield code="2">DE-600</subfield>
      <subfield code="a">2674402-8</subfield>
    </datafield>
    <datafield tag="035" ind1=" " ind2=" ">
      <subfield code="a">(DE-599)ZDB2674402-8</subfield>
    </datafield>
    <datafield tag="040" ind1=" " ind2=" ">
      <subfield code="a">1241</subfield>
      <subfield code="b">ger</subfield>
      <subfield code="c">DE-101</subfield>
      <subfield code="d">1250</subfield>
    </datafield>
    <datafield tag="041" ind1=" " ind2=" ">
      <subfield code="a">ger</subfield>
    </datafield>
    <datafield tag="044" ind1=" " ind2=" ">
      <subfield code="c">XA-DE</subfield>
    </datafield>
    <datafield tag="082" ind1="0" ind2="4">
      <subfield code="8">1\x</subfield>
      <subfield code="a">617.600681</subfield>
      <subfield code="q">DE-101</subfield>
      <subfield code="2">22/ger</subfield>
    </datafield>
    <datafield tag="084" ind1=" " ind2=" ">
      <subfield code="a">610</subfield>
      <subfield code="q">DE-101</subfield>
      <subfield code="2">sdnb</subfield>
    </datafield>
    <datafield tag="084" ind1=" " ind2=" ">
      <subfield code="a">610</subfield>
      <subfield code="q">DE-600</subfield>
      <subfield code="2">sdnb</subfield>
    </datafield>
    <datafield tag="085" ind1=" " ind2=" ">
      <subfield code="8">1\x</subfield>
      <subfield code="b">617.6</subfield>
    </datafield>
    <datafield tag="085" ind1=" " ind2=" ">
      <subfield code="8">1\x</subfield>
      <subfield code="z">1</subfield>
      <subfield code="s">0681</subfield>
    </datafield>
    <datafield tag="245" ind1="1" ind2="0">
      <subfield code="a">Textvorlagen für die Zahnarztpraxis</subfield>
      <subfield code="h">[Elektronische Ressource]</subfield>
      <subfield code="b">perfekte Mustertexte, Formulare und Checklisten für ein erfolgreiches Praxismanagement</subfield>
    </datafield>
    <datafield tag="247" ind1="0" ind2="0">
      <subfield code="g">Hauptsacht. vom Behältnis</subfield>
    </datafield>
    <datafield tag="260" ind1="3" ind2=" ">
      <subfield code="a">Balingen</subfield>
      <subfield code="b">Spitta</subfield>
    </datafield>
    <datafield tag="300" ind1=" " ind2=" ">
      <subfield code="a">CD-ROMs</subfield>
      <subfield code="c">12 cm, in Behältnis 19 x 14 x 2 cm</subfield>
      <subfield code="e">Booklet</subfield>
    </datafield>
    <datafield tag="362" ind1="0" ind2=" ">
      <subfield code="a">1.0.2012 -</subfield>
    </datafield>
    <datafield tag="363" ind1="0" ind2="1">
      <subfield code="8">1.1\x</subfield>
      <subfield code="a">1</subfield>
      <subfield code="i">2012</subfield>
    </datafield>
    <datafield tag="515" ind1=" " ind2=" ">
      <subfield code="a">Ersch. unregelmäßig</subfield>
    </datafield>
    <datafield tag="538" ind1=" " ind2=" ">
      <subfield code="a">Systemvoraussetzungen: Prozessor: mind. 500 MHz; RAM-Speicher: mind. 128 MB; freie Festplattenkapazität: mind. 250 MB; CD-ROM-Laufwerk; Monitor: 17", 1024 x 768 Pixel; Internet Explorer ab Version 5.0; Windows XP, Windows Vista, Windows 7</subfield>
    </datafield>
    <datafield tag="650" ind1=" " ind2="7">
      <subfield code="0">(DE-588)4067303-0</subfield>
      <subfield code="0">(DE-101)040673030</subfield>
      <subfield code="a">Zahnarzt</subfield>
      <subfield code="2">gnd</subfield>
    </datafield>
    <datafield tag="650" ind1=" " ind2="7">
      <subfield code="0">(DE-588)4003167-6</subfield>
      <subfield code="0">(DE-101)040031675</subfield>
      <subfield code="a">Arztpraxis</subfield>
      <subfield code="2">gnd</subfield>
    </datafield>
    <datafield tag="655" ind1=" " ind2="7">
      <subfield code="a">Formularsammlung</subfield>
      <subfield code="2">gnd</subfield>
    </datafield>
    <datafield tag="655" ind1=" " ind2="7">
      <subfield code="a">CD-ROM</subfield>
      <subfield code="2">gnd</subfield>
    </datafield>
    <datafield tag="689" ind1="0" ind2="0">
      <subfield code="0">(DE-588)4067303-0</subfield>
      <subfield code="0">(DE-101)040673030</subfield>
      <subfield code="D">s</subfield>
      <subfield code="a">Zahnarzt</subfield>
    </datafield>
    <datafield tag="689" ind1="0" ind2="1">
      <subfield code="0">(DE-588)4003167-6</subfield>
      <subfield code="0">(DE-101)040031675</subfield>
      <subfield code="D">s</subfield>
      <subfield code="a">Arztpraxis</subfield>
    </datafield>
    <datafield tag="689" ind1="0" ind2="2">
      <subfield code="A">f</subfield>
      <subfield code="a">Formularsammlung</subfield>
    </datafield>
    <datafield tag="689" ind1="0" ind2="3">
      <subfield code="A">f</subfield>
      <subfield code="a">CD-ROM</subfield>
    </datafield>
    <datafield tag="689" ind1="0" ind2=" ">
      <subfield code="5">DE-101</subfield>
      <subfield code="5">DE-101</subfield>
    </datafield>
    <datafield tag="780" ind1="0" ind2="0">
      <subfield code="i">Vorg.:</subfield>
      <subfield code="t">Erfolgreiche Mustertexte für die Zahnarztpraxis</subfield>
      <subfield code="w">(DE-600)2375716-4</subfield>
      <subfield code="w">(DE-101)984816984</subfield>
    </datafield>
    <datafield tag="925" ind1="r" ind2=" ">
      <subfield code="a">ra</subfield>
    </datafield>
  </record>