
  <record format="MARC21" type="Bibliographic">
    <leader>01046nas a2200313 c 4500</leader>
    <controlfield tag="001">102438005X</controlfield>
    <controlfield tag="003">DE-101</controlfield>
    <controlfield tag="005">20120802105123.0</controlfield>
    <controlfield tag="007">tu</controlfield>
    <controlfield tag="008">120719c20129999gw f||p|r ||| 0||||0ger c</controlfield>
    <datafield tag="016" ind1="7" ind2=" ">
      <subfield code="2">DE-101</subfield>
      <subfield code="a">102438005X</subfield>
    </datafield>
    <datafield tag="016" ind1="7" ind2=" ">
      <subfield code="2">DE-600</subfield>
      <subfield code="a">2673671-8</subfield>
    </datafield>
    <datafield tag="022" ind1=" " ind2=" ">
      <subfield code="a">2194-5705</subfield>
    </datafield>
    <datafield tag="035" ind1=" " ind2=" ">
      <subfield code="a">(DE-599)ZDB2673671-8</subfield>
    </datafield>
    <datafield tag="040" ind1=" " ind2=" ">
      <subfield code="a">0014</subfield>
      <subfield code="b">ger</subfield>
      <subfield code="c">DE-101</subfield>
      <subfield code="d">9001</subfield>
    </datafield>
    <datafield tag="041" ind1=" " ind2=" ">
      <subfield code="a">ger</subfield>
    </datafield>
    <datafield tag="044" ind1=" " ind2=" ">
      <subfield code="c">XA-DE</subfield>
    </datafield>
    <datafield tag="084" ind1=" " ind2=" ">
      <subfield code="a">500</subfield>
      <subfield code="a">620</subfield>
      <subfield code="q">DE-101</subfield>
      <subfield code="2">sdnb</subfield>
    </datafield>
    <datafield tag="084" ind1=" " ind2=" ">
      <subfield code="a">530</subfield>
      <subfield code="q">DE-600</subfield>
      <subfield code="2">sdnb</subfield>
    </datafield>
    <datafield tag="245" ind1="1" ind2="0">
      <subfield code="a">Entdeckt</subfield>
      <subfield code="b">das Forschungsmagazin aus dem HZDR</subfield>
    </datafield>
    <datafield tag="260" ind1="3" ind2=" ">
      <subfield code="a">Dresden</subfield>
      <subfield code="b">Helmholtz-Zentrum Dresden-Rossendorf</subfield>
    </datafield>
    <datafield tag="300" ind1=" " ind2=" ">
      <subfield code="c">30 cm</subfield>
    </datafield>
    <datafield tag="362" ind1="0" ind2=" ">
      <subfield code="a">Ausg. 1.2012 -</subfield>
    </datafield>
    <datafield tag="363" ind1="0" ind2="1">
      <subfield code="8">1.1\x</subfield>
      <subfield code="a">1</subfield>
      <subfield code="i">2012</subfield>
    </datafield>
    <datafield tag="515" ind1=" " ind2=" ">
      <subfield code="a">2011 nicht ersch.; 2x jährl.</subfield>
    </datafield>
    <datafield tag="710" ind1="2" ind2=" ">
      <subfield code="0">(DE-588)16102193-1</subfield>
      <subfield code="0">(DE-101)1010237780</subfield>
      <subfield code="a">Helmholtz-Zentrum</subfield>
      <subfield code="g">Dresden</subfield>
    </datafield>
    <datafield tag="775" ind1="0" ind2="8">
      <subfield code="i">Online-Ausg.</subfield>
      <subfield code="t">Entdeckt</subfield>
      <subfield code="w">(DE-600)2675890-8</subfield>
      <subfield code="w">(DE-101)1024785750</subfield>
    </datafield>
    <datafield tag="780" ind1="0" ind2="0">
      <subfield code="i">Vorg.:</subfield>
      <subfield code="a">Forschungszentrum &lt;Dresden></subfield>
      <subfield code="t">FZD-Journal  . das Journal des Forschungszentrums Dresden-Rossendorf</subfield>
      <subfield code="w">(DE-600)2409633-7</subfield>
      <subfield code="w">(DE-101)987511513</subfield>
    </datafield>
    <datafield tag="925" ind1="r" ind2=" ">
      <subfield code="a">rb</subfield>
    </datafield>
  </record>