
  <record format="MARC21" type="Bibliographic">
    <leader>01263nas a2200349 c 4500</leader>
    <controlfield tag="001">1023782529</controlfield>
    <controlfield tag="003">DE-101</controlfield>
    <controlfield tag="005">20120802082902.0</controlfield>
    <controlfield tag="007">cr||||||||||||</controlfield>
    <controlfield tag="008">120628c20129999xxku||p|o ||| 0||||0eng c</controlfield>
    <datafield tag="016" ind1="7" ind2=" ">
      <subfield code="2">DE-101</subfield>
      <subfield code="a">1023782529</subfield>
    </datafield>
    <datafield tag="016" ind1="7" ind2=" ">
      <subfield code="2">DE-600</subfield>
      <subfield code="a">2669168-1</subfield>
    </datafield>
    <datafield tag="022" ind1=" " ind2=" ">
      <subfield code="a">2047-7716</subfield>
    </datafield>
    <datafield tag="029" ind1="a" ind2="d">
      <subfield code="a">0305-7674</subfield>
    </datafield>
    <datafield tag="035" ind1=" " ind2=" ">
      <subfield code="a">(DE-599)ZDB2669168-1</subfield>
    </datafield>
    <datafield tag="040" ind1=" " ind2=" ">
      <subfield code="a">0038</subfield>
      <subfield code="b">ger</subfield>
      <subfield code="c">DE-101</subfield>
      <subfield code="d">9001</subfield>
    </datafield>
    <datafield tag="041" ind1=" " ind2=" ">
      <subfield code="a">eng</subfield>
    </datafield>
    <datafield tag="044" ind1=" " ind2=" ">
      <subfield code="c">XA-GB</subfield>
    </datafield>
    <datafield tag="084" ind1=" " ind2=" ">
      <subfield code="a">10</subfield>
      <subfield code="2">ssgn</subfield>
    </datafield>
    <datafield tag="084" ind1=" " ind2=" ">
      <subfield code="a">300</subfield>
      <subfield code="a">390</subfield>
      <subfield code="q">DE-600</subfield>
      <subfield code="2">sdnb</subfield>
    </datafield>
    <datafield tag="245" ind1="1" ind2="0">
      <subfield code="a">Cambridge anthropology</subfield>
      <subfield code="h">[Elektronische Ressource]</subfield>
      <subfield code="b">a journal of the Department of Social Anthropology, Cambridge University</subfield>
    </datafield>
    <datafield tag="247" ind1="0" ind2="0">
      <subfield code="g">Gesehen am 28.06.12</subfield>
    </datafield>
    <datafield tag="260" ind1="3" ind2=" ">
      <subfield code="a">Biggleswade</subfield>
      <subfield code="b">Berghahn Journals</subfield>
    </datafield>
    <datafield tag="260" ind1=" " ind2=" ">
      <subfield code="a">Cambridge</subfield>
      <subfield code="b">Univ.</subfield>
      <subfield code="c">anfangs</subfield>
    </datafield>
    <datafield tag="300" ind1=" " ind2=" ">
      <subfield code="a">Online-Ressource</subfield>
    </datafield>
    <datafield tag="362" ind1="0" ind2=" ">
      <subfield code="a">Nachgewiesen 30.2012 -</subfield>
    </datafield>
    <datafield tag="363" ind1="0" ind2="1">
      <subfield code="8">1.1\x</subfield>
      <subfield code="a">30</subfield>
      <subfield code="i">2012</subfield>
    </datafield>
    <datafield tag="710" ind1="2" ind2=" ">
      <subfield code="0">(DE-588)5350688-1</subfield>
      <subfield code="0">(DE-101)957989180</subfield>
      <subfield code="a">University</subfield>
      <subfield code="g">Cambridge</subfield>
      <subfield code="b">Department of Social Anthropology</subfield>
    </datafield>
    <datafield tag="775" ind1="0" ind2="8">
      <subfield code="i">Druckausg.</subfield>
      <subfield code="t">Cambridge anthropology</subfield>
      <subfield code="w">(DE-600)8161-9</subfield>
      <subfield code="w">(DE-101)010107126</subfield>
    </datafield>
    <datafield tag="856" ind1="4" ind2=" ">
      <subfield code="u">http://www.ingentaconnect.com/content/berghahn/ca</subfield>
      <subfield code="x">Agentur</subfield>
    </datafield>
    <datafield tag="856" ind1="4" ind2=" ">
      <subfield code="u">http://www.journals.berghahnbooks.com/ca</subfield>
      <subfield code="x">Verlag</subfield>
    </datafield>
    <datafield tag="856" ind1="4" ind2=" ">
      <subfield code="u">http://www.bibliothek.uni-regensburg.de/ezeit/?2669168</subfield>
      <subfield code="x">EZB</subfield>
    </datafield>
  </record>