
  <record format="MARC21" type="Bibliographic">
    <leader>01362nas a2200385 c 4500</leader>
    <controlfield tag="001">1023737159</controlfield>
    <controlfield tag="003">DE-101</controlfield>
    <controlfield tag="005">20120802080054.0</controlfield>
    <controlfield tag="007">tu</controlfield>
    <controlfield tag="008">120627c20129999gw w||n|r ||| 0||||0ger c</controlfield>
    <datafield tag="016" ind1="7" ind2=" ">
      <subfield code="2">DE-101</subfield>
      <subfield code="a">1023737159</subfield>
    </datafield>
    <datafield tag="016" ind1="7" ind2=" ">
      <subfield code="2">DE-600</subfield>
      <subfield code="a">2668915-7</subfield>
    </datafield>
    <datafield tag="035" ind1=" " ind2=" ">
      <subfield code="a">(DE-599)ZDB2668915-7</subfield>
    </datafield>
    <datafield tag="040" ind1=" " ind2=" ">
      <subfield code="a">0012</subfield>
      <subfield code="b">ger</subfield>
      <subfield code="c">DE-101</subfield>
      <subfield code="d">0384</subfield>
    </datafield>
    <datafield tag="041" ind1=" " ind2=" ">
      <subfield code="a">ger</subfield>
    </datafield>
    <datafield tag="044" ind1=" " ind2=" ">
      <subfield code="c">XA-DE</subfield>
    </datafield>
    <datafield tag="084" ind1=" " ind2=" ">
      <subfield code="a">230</subfield>
      <subfield code="q">DE-101</subfield>
      <subfield code="2">sdnb</subfield>
    </datafield>
    <datafield tag="084" ind1=" " ind2=" ">
      <subfield code="a">230</subfield>
      <subfield code="q">DE-600</subfield>
      <subfield code="2">sdnb</subfield>
    </datafield>
    <datafield tag="090" ind1=" " ind2=" ">
      <subfield code="n">eo</subfield>
    </datafield>
    <datafield tag="245" ind1="1" ind2="0">
      <subfield code="a">Katholische SonntagsZeitung</subfield>
      <subfield code="n">[...]</subfield>
      <subfield code="p">Bistum Augsburg</subfield>
      <subfield code="c">im Auftrag des Bischofs von Augsburg</subfield>
    </datafield>
    <datafield tag="246" ind1="1" ind2="9">
      <subfield code="a">Katholische SonntagsZeitung / Bistum Augsburg</subfield>
    </datafield>
    <datafield tag="260" ind1="3" ind2=" ">
      <subfield code="a">Augsburg</subfield>
      <subfield code="b">Sankt Ulrich Verlag</subfield>
    </datafield>
    <datafield tag="362" ind1="0" ind2=" ">
      <subfield code="a">85.2012,21(26/27.Mai) -</subfield>
    </datafield>
    <datafield tag="363" ind1="0" ind2="1">
      <subfield code="8">1.1\x</subfield>
      <subfield code="a">85</subfield>
      <subfield code="b">21</subfield>
      <subfield code="i">2012</subfield>
    </datafield>
    <datafield tag="515" ind1=" " ind2=" ">
      <subfield code="a">Periodizität: wöchentl.</subfield>
    </datafield>
    <datafield tag="591" ind1=" " ind2=" ">
      <subfield code="a">Kopie</subfield>
    </datafield>
    <datafield tag="651" ind1=" " ind2="7">
      <subfield code="0">(DE-588)4003616-9</subfield>
      <subfield code="0">(DE-101)040036162</subfield>
      <subfield code="a">Diözese Augsburg</subfield>
      <subfield code="2">gnd</subfield>
    </datafield>
    <datafield tag="655" ind1=" " ind2="7">
      <subfield code="a">Zeitschrift</subfield>
      <subfield code="2">gnd</subfield>
    </datafield>
    <datafield tag="689" ind1="0" ind2="0">
      <subfield code="0">(DE-588)4003616-9</subfield>
      <subfield code="0">(DE-101)040036162</subfield>
      <subfield code="D">g</subfield>
      <subfield code="a">Diözese Augsburg</subfield>
    </datafield>
    <datafield tag="689" ind1="0" ind2="1">
      <subfield code="A">f</subfield>
      <subfield code="a">Zeitschrift</subfield>
    </datafield>
    <datafield tag="689" ind1="0" ind2=" ">
      <subfield code="5">DE-384</subfield>
      <subfield code="5">DE-604</subfield>
    </datafield>
    <datafield tag="710" ind1="2" ind2=" ">
      <subfield code="0">(DE-588)1001896-7</subfield>
      <subfield code="0">(DE-101)004012666</subfield>
      <subfield code="a">Diözese</subfield>
      <subfield code="g">Augsburg</subfield>
    </datafield>
    <datafield tag="751" ind1=" " ind2=" ">
      <subfield code="0">(DE-588)2028044-0</subfield>
      <subfield code="0">(DE-101)004847482</subfield>
      <subfield code="a">Augsburg</subfield>
      <subfield code="4">dbp</subfield>
      <subfield code="2">gnd</subfield>
    </datafield>
    <datafield tag="780" ind1="0" ind2="0">
      <subfield code="i">Vorg.:</subfield>
      <subfield code="a">Diözese &lt;Augsburg></subfield>
      <subfield code="t">Katholische SonntagsZeitung für das Bistum Augsburg</subfield>
      <subfield code="w">(DE-600)1158928-0</subfield>
      <subfield code="w">(DE-101)016871790</subfield>
    </datafield>
    <datafield tag="930" ind1=" " ind2=" ">
      <subfield code="a">Bistum Augsburg</subfield>
    </datafield>
  </record>