
  <record format="MARC21" type="Bibliographic">
    <leader>00993nas a2200301 c 4500</leader>
    <controlfield tag="001">1023412403</controlfield>
    <controlfield tag="003">DE-101</controlfield>
    <controlfield tag="005">20120802142210.0</controlfield>
    <controlfield tag="007">tu</controlfield>
    <controlfield tag="008">120615c20129999gw a||p|r ||| 0||||0ger c</controlfield>
    <datafield tag="016" ind1="7" ind2=" ">
      <subfield code="2">DE-101</subfield>
      <subfield code="a">1023412403</subfield>
    </datafield>
    <datafield tag="016" ind1="7" ind2=" ">
      <subfield code="2">DE-600</subfield>
      <subfield code="a">2667188-8</subfield>
    </datafield>
    <datafield tag="035" ind1=" " ind2=" ">
      <subfield code="a">(DE-599)ZDB2667188-8</subfield>
    </datafield>
    <datafield tag="040" ind1=" " ind2=" ">
      <subfield code="a">0109</subfield>
      <subfield code="b">ger</subfield>
      <subfield code="c">DE-101</subfield>
      <subfield code="d">1241</subfield>
    </datafield>
    <datafield tag="041" ind1=" " ind2=" ">
      <subfield code="a">ger</subfield>
    </datafield>
    <datafield tag="044" ind1=" " ind2=" ">
      <subfield code="c">XA-DE</subfield>
    </datafield>
    <datafield tag="084" ind1=" " ind2=" ">
      <subfield code="a">330</subfield>
      <subfield code="q">DE-101</subfield>
      <subfield code="2">sdnb</subfield>
    </datafield>
    <datafield tag="084" ind1=" " ind2=" ">
      <subfield code="a">330</subfield>
      <subfield code="q">DE-600</subfield>
      <subfield code="2">sdnb</subfield>
    </datafield>
    <datafield tag="245" ind1="1" ind2="0">
      <subfield code="a">Nachhaltigkeitsbericht  ... / Mainova</subfield>
    </datafield>
    <datafield tag="260" ind1="3" ind2=" ">
      <subfield code="a">Frankfurt, M.</subfield>
      <subfield code="b">Mainova</subfield>
    </datafield>
    <datafield tag="300" ind1=" " ind2=" ">
      <subfield code="c">30 cm</subfield>
    </datafield>
    <datafield tag="362" ind1="0" ind2=" ">
      <subfield code="a">2011(2012) -</subfield>
    </datafield>
    <datafield tag="363" ind1="0" ind2="1">
      <subfield code="8">1.1\x</subfield>
      <subfield code="i">2011</subfield>
    </datafield>
    <datafield tag="515" ind1=" " ind2=" ">
      <subfield code="a">Ersch. jährl.</subfield>
    </datafield>
    <datafield tag="710" ind1="2" ind2=" ">
      <subfield code="0">(DE-588)5335944-6</subfield>
      <subfield code="0">(DE-101)95732460X</subfield>
      <subfield code="a">Mainova-Aktiengesellschaft</subfield>
      <subfield code="g">Frankfurt, Main</subfield>
    </datafield>
    <datafield tag="780" ind1="0" ind2="0">
      <subfield code="i">Als Vorg. gilt</subfield>
      <subfield code="t">Umweltbericht Verbund Mainova ...</subfield>
      <subfield code="w">(DE-600)2565455-X</subfield>
      <subfield code="w">(DE-101)1004956614</subfield>
    </datafield>
    <datafield tag="780" ind1="0" ind2="0">
      <subfield code="i">Als Vorg. gilt</subfield>
      <subfield code="a">Mainova-Aktiengesellschaft &lt;Frankfurt, Main></subfield>
      <subfield code="t">Personalbericht ... / Mainova</subfield>
      <subfield code="w">(DE-600)2387571-9</subfield>
      <subfield code="w">(DE-101)985709820</subfield>
    </datafield>
    <datafield tag="925" ind1="r" ind2=" ">
      <subfield code="a">rb</subfield>
    </datafield>
  </record>