
  <record format="MARC21" type="Bibliographic">
    <leader>02240nas a2200493 c 4500</leader>
    <controlfield tag="001">1023356279</controlfield>
    <controlfield tag="003">DE-101</controlfield>
    <controlfield tag="005">20120802141007.0</controlfield>
    <controlfield tag="007">co||||||||||||</controlfield>
    <controlfield tag="008">120614c20129999gw z||p|q ||| 0||||0ger c</controlfield>
    <datafield tag="015" ind1=" " ind2=" ">
      <subfield code="a">12,A26</subfield>
      <subfield code="2">dnb</subfield>
    </datafield>
    <datafield tag="016" ind1="7" ind2=" ">
      <subfield code="2">DE-101</subfield>
      <subfield code="a">1023356279</subfield>
    </datafield>
    <datafield tag="016" ind1="7" ind2=" ">
      <subfield code="2">DE-600</subfield>
      <subfield code="a">2666750-2</subfield>
    </datafield>
    <datafield tag="035" ind1=" " ind2=" ">
      <subfield code="a">(DE-599)ZDB2666750-2</subfield>
    </datafield>
    <datafield tag="035" ind1=" " ind2=" ">
      <subfield code="a">(OCoLC)797190385</subfield>
    </datafield>
    <datafield tag="040" ind1=" " ind2=" ">
      <subfield code="a">1241</subfield>
      <subfield code="b">ger</subfield>
      <subfield code="c">DE-101</subfield>
      <subfield code="d">9001</subfield>
    </datafield>
    <datafield tag="041" ind1=" " ind2=" ">
      <subfield code="a">ger</subfield>
    </datafield>
    <datafield tag="044" ind1=" " ind2=" ">
      <subfield code="c">XA-DE</subfield>
    </datafield>
    <datafield tag="082" ind1="0" ind2="4">
      <subfield code="8">1\x</subfield>
      <subfield code="a">658.477</subfield>
      <subfield code="q">DE-101</subfield>
      <subfield code="2">22/ger</subfield>
    </datafield>
    <datafield tag="084" ind1=" " ind2=" ">
      <subfield code="a">650</subfield>
      <subfield code="q">DE-101</subfield>
      <subfield code="2">sdnb</subfield>
    </datafield>
    <datafield tag="084" ind1=" " ind2=" ">
      <subfield code="a">360</subfield>
      <subfield code="a">340</subfield>
      <subfield code="a">620</subfield>
      <subfield code="q">DE-600</subfield>
      <subfield code="2">sdnb</subfield>
    </datafield>
    <datafield tag="084" ind1=" " ind2=" ">
      <subfield code="a">TEC 830f</subfield>
      <subfield code="2">stub</subfield>
    </datafield>
    <datafield tag="085" ind1=" " ind2=" ">
      <subfield code="8">1\x</subfield>
      <subfield code="b">658.477</subfield>
    </datafield>
    <datafield tag="086" ind1=" " ind2=" ">
      <subfield code="2">z</subfield>
      <subfield code="a">CD4492</subfield>
    </datafield>
    <datafield tag="245" ind1="1" ind2="0">
      <subfield code="a">Betriebliches Brandschutzmanagement</subfield>
      <subfield code="h">[Elektronische Ressource]</subfield>
      <subfield code="b">Maßnahmen professionell und branchenspezifisch umsetzen ; Aufgaben und Pflichten kennen und verstehen, Anforderungen umsetzen, Brandschutz korrekt überwachen</subfield>
    </datafield>
    <datafield tag="247" ind1="0" ind2="0">
      <subfield code="g">Hauptsacht. vom Behältnis</subfield>
    </datafield>
    <datafield tag="260" ind1="3" ind2=" ">
      <subfield code="a">Kissing</subfield>
      <subfield code="b">WEKA-Media GmbH</subfield>
    </datafield>
    <datafield tag="300" ind1=" " ind2=" ">
      <subfield code="a">DVDs</subfield>
      <subfield code="c">12 cm, in Behältnis 19 x 14 x 2 cm</subfield>
      <subfield code="e">Beil.</subfield>
    </datafield>
    <datafield tag="362" ind1="0" ind2=" ">
      <subfield code="a">2012,5 -</subfield>
    </datafield>
    <datafield tag="363" ind1="0" ind2="1">
      <subfield code="8">1.1\x</subfield>
      <subfield code="b">5</subfield>
      <subfield code="i">2012</subfield>
    </datafield>
    <datafield tag="490" ind1="0" ind2=" ">
      <subfield code="a">WEKA-Praxislösungen</subfield>
    </datafield>
    <datafield tag="501" ind1=" " ind2=" ">
      <subfield code="a">Darin 2012,5: Archiv - Handbuch für den betrieblichen Brandschutz</subfield>
    </datafield>
    <datafield tag="515" ind1=" " ind2=" ">
      <subfield code="a">Ersch. unregelmäßig; Druckausg. als Losebl.-Ausg. ersch.</subfield>
    </datafield>
    <datafield tag="538" ind1=" " ind2=" ">
      <subfield code="a">Systemvoraussetzungen: Windows-PC ab Pentium III (1 GHz) oder vergleichbar; Monitor SVGA (1.024 x 768) oder höher; Betriebssystem Windows 7, Vista oder XP; Speicherplatz ca. 650 MB freier Speicher auf der Festplatte; Arbeitsspeicher ab 1 GB (empfohlen); CD-ROM-/DVD-Laufwerk; Software Adobe Reader, MS Office 2003 (mind. Word, Excel, PowerPoint)</subfield>
    </datafield>
    <datafield tag="650" ind1=" " ind2="7">
      <subfield code="0">(DE-588)4006138-3</subfield>
      <subfield code="0">(DE-101)040061388</subfield>
      <subfield code="a">Betrieb</subfield>
      <subfield code="2">gnd</subfield>
    </datafield>
    <datafield tag="650" ind1=" " ind2="7">
      <subfield code="0">(DE-588)4007974-0</subfield>
      <subfield code="0">(DE-101)040079740</subfield>
      <subfield code="a">Brandschutz</subfield>
      <subfield code="2">gnd</subfield>
    </datafield>
    <datafield tag="655" ind1=" " ind2="7">
      <subfield code="a">CD-ROM</subfield>
      <subfield code="2">gnd</subfield>
    </datafield>
    <datafield tag="689" ind1="0" ind2="0">
      <subfield code="0">(DE-588)4006138-3</subfield>
      <subfield code="0">(DE-101)040061388</subfield>
      <subfield code="D">s</subfield>
      <subfield code="a">Betrieb</subfield>
    </datafield>
    <datafield tag="689" ind1="0" ind2="1">
      <subfield code="0">(DE-588)4007974-0</subfield>
      <subfield code="0">(DE-101)040079740</subfield>
      <subfield code="D">s</subfield>
      <subfield code="a">Brandschutz</subfield>
    </datafield>
    <datafield tag="689" ind1="0" ind2="2">
      <subfield code="A">f</subfield>
      <subfield code="a">CD-ROM</subfield>
    </datafield>
    <datafield tag="689" ind1="0" ind2=" ">
      <subfield code="5">DE-101</subfield>
      <subfield code="5">DE-101</subfield>
    </datafield>
    <datafield tag="770" ind1="0" ind2="8">
      <subfield code="i">Beil.:</subfield>
      <subfield code="t">Betriebliches Brandschutzmanagement / Newsletter</subfield>
      <subfield code="w">(DE-600)2666756-3</subfield>
      <subfield code="w">(DE-101)1023356600</subfield>
    </datafield>
    <datafield tag="780" ind1="0" ind2="0">
      <subfield code="i">Vorg.:</subfield>
      <subfield code="t">Handbuch für den betrieblichen Brandschutz</subfield>
      <subfield code="w">(DE-600)2196164-5</subfield>
      <subfield code="w">(DE-101)975739751</subfield>
    </datafield>
    <datafield tag="925" ind1="r" ind2=" ">
      <subfield code="a">ra</subfield>
    </datafield>
  </record>